code,detail,TTM,Y1,Y2,Y3,Y4,Y5,Y6,Y7,Y8,Y9,Y10
6114,Year End,TTM,2020-09,2019-09,2018-09,2017-09,2016-09,2015-09,2014-09,2013-09,2012-09,2011-09
6114,Revenue,918,912,"1,122","1,082","1,069","1,266","1,042",807,688,545,306
6114,NP,72,42,83,69,128,205,87,105,104,75,38
6114,EPS,0.12,0.07,0.14,0.12,0.24,0.39,0.20,0.23,0.24,0.19,0.10
6114,DPS,0.03,0.04,0.04,0.05,0.07,0.07,0.08,0.08,0.04,0.03,0.03
6114,Div Payout,24.2,39.0,26.1,42.8,17.1,16.6,39.5,34.2,14.8,—,31.6
6114,Shares,578,578,580,578,540,521,444,448,425,401,368
6114,BVPS,2.88,2.85,2.76,2.67,2.61,2.83,2.46,2.33,2.11,2.06,2.00
6114,OCF,98,120,251,97,58,220,174,181,108,20,-5
6114,FCF,73,89,220,71,33,195,6,141,84,-123,-164
6114,NP Margin,7.79,4.58,7.36,6.42,12.00,16.20,8.35,12.98,15.11,13.69,12.42
6114,ROE,4.38,2.57,5.22,4.59,9.31,17.22,8.13,10.53,12.03,9.89,5.41
6114,Revenue GR,8.80,-18.70,3.69,1.20,-15.57,21.50,29.18,17.19,26.21,78.19,19.61
6114,Revenue GR 3Y avg,—,-5.15,-3.95,1.26,9.84,22.52,24.09,38.13,39.07,13.78,-4.01
6114,Revenue GR 5Y avg,—,-2.63,6.82,9.47,14.41,32.84,32.42,16.85,14.75,12.12,-0.25
6114,Revenue GR 10Y avg,—,13.55,11.72,12.08,13.26,15.11,—,—,—,—,—
6114,NP GR,—,-31.21,-26.16,-7.22,6.99,25.40,5.23,40.17,50.37,21.46,-9.68
6114,NP GR 3Y avg,—,-13.65,-4.64,-7.75,11.43,40.08,23.25,20.24,15.05,4.18,-5.48
6114,NP GR 5Y avg,—,3.16,7.08,3.02,7.74,15.06,—,—,—,—,—
6114,NP GR 10Y avg,0.0,0.0,0.0,0.0,0.0,0.0,0.0,0.0,0.0,0.0,0.0
6114,EPS GR,-268.05,-49.37,19.53,-49.70,-48.84,136.46,-16.00,-4.62,20.56,96.30,36.75
6114,EPS GR 3Y avg,—,-32.73,-32.50,-15.26,0.54,23.74,-1.15,31.18,47.92,19.49,-11.44
6114,EPS GR 5Y avg,—,-18.11,-9.39,-13.39,3.16,35.00,20.99,14.43,10.45,0.86,-9.36
6114,EPS GR 10Y avg,—,-0.46,1.83,-2.19,2.01,10.62,—,—,—,—,—
6114,OCF GR,—,-52.31,158.11,67.69,-73.67,26.08,-3.63,67.79,453.10,—,—
6114,FCF GR,—,-59.35,211.00,116.20,-83.24,—,-95.60,66.90,—,—,—
6114,D/E,0.17,0.17,0.19,0.23,0.30,0.44,0.47,0.40,0.44,0.40,0.33
6114,Price,1.4400,1.2800,1.1800,1.2600,2.1900,2.9300,2.2700,3.7000,2.6300,2.2300,1.2200
6139,Year End,TTM,2020-12,2019-12,2018-12,2017-12,2016-12,2015-12,2014-12,2013-12,2012-12,2011-12
6139,Revenue,"2,557","2,507","2,777","2,201","1,853","1,793","1,558","1,482","1,738","1,656",363
6139,NP,362,362,365,295,207,176,156,141,139,101,77
6139,EPS,0.43,0.44,0.44,0.36,0.25,0.21,0.19,0.17,0.17,0.12,0.09
6139,DPS,0.12,0.12,0.20,0.15,0.15,0.19,0.07,0.16,0.08,0.07,0.03
6139,Div Payout,27.6,49.6,32.7,47.6,52.2,34.8,82.3,75.5,27.6,56.3,—
6139,Shares,833,832,830,827,825,823,820,819,819,814,814
6139,BVPS,1.89,1.81,1.58,1.24,1.07,0.95,0.78,0.75,0.70,0.61,—
6139,OCF,395,278,-113,284,130,321,208,170,328,739,706
6139,FCF,232,114,-122,202,110,315,135,149,321,732,692
6139,NP Margin,14.15,14.46,13.14,13.40,11.16,9.83,10.01,9.48,8.00,6.12,21.14
6139,ROE,24.98,26.53,33.07,32.73,26.73,24.88,24.53,24.33,25.95,21.33,18.37
6139,Revenue GR,8.43,-9.74,26.17,18.80,3.33,15.10,5.12,-14.72,4.97,355.84,—
6139,Revenue GR 3Y avg,—,10.60,15.70,12.21,7.73,1.05,-2.01,59.80,—,57.50,15.95
6139,Revenue GR 5Y avg,—,9.98,13.38,4.84,2.28,37.62,—,33.82,42.02,43.12,—
6139,Revenue GR 10Y avg,—,—,24.32,24.10,23.28,—,—,—,—,—,—
6139,NP GR,—,20.58,27.44,23.66,13.73,8.24,15.49,22.32,—,33.40,34.72
6139,NP GR 3Y avg,—,18.37,21.02,16.24,15.34,18.08,—,28.20,34.64,19.41,—
6139,NP GR 5Y avg,—,—,24.96,26.13,17.58,—,—,—,—,—,—
6139,NP GR 10Y avg,0.0,0.0,0.0,0.0,0.0,0.0,0.0,0.0,0.0,0.0,0.0
6139,EPS GR,-0.90,-0.84,23.22,42.41,16.85,12.67,10.75,1.23,36.43,32.30,—
6139,EPS GR 3Y avg,—,20.28,27.04,23.31,13.39,8.10,15.22,22.25,—,32.13,32.93
6139,EPS GR 5Y avg,—,18.03,20.67,16.02,15.02,17.92,—,27.27,33.36,18.06,—
6139,EPS GR 10Y avg,—,—,24.29,25.35,16.70,—,—,—,—,—,—
6139,OCF GR,—,—,—,118.02,-59.46,54.39,22.35,-48.17,-55.59,4.75,—
6139,FCF GR,—,—,—,82.87,-65.02,133.69,-9.57,-53.49,-56.16,5.66,—
6139,D/E,—,—,—,—,—,—,—,—,—,—,—
6139,Price,4.7500,4.8400,5.7000,3.8000,3.7600,4.1400,3.9000,11.2800,10.3000,5.4400,1.8400
6149,Year End,TTM,2020-12,2019-12,2018-12,2017-12,2016-12,2015-12,2014-12,2013-12,2012-12,2011-12
6149,Revenue,"2,122","1,898","2,912","2,867","2,581","1,782","1,733","1,655","1,300","1,156","1,313"
6149,NP,4,-3,6,9,23,13,27,7,15,49,8
6149,EPS,0.03,-0.03,0.04,0.08,0.19,0.11,0.22,0.05,0.12,0.41,0.07
6149,DPS,0.06,0.06,0.06,0.06,0.06,0.06,0.06,0.06,0.06,0.06,0.12
6149,Div Payout,185.7,—,49.2,70.4,47.0,47.6,37.2,70.7,—,—,43.1
6149,Shares,120,120,120,120,120,120,120,120,120,120,120
6149,BVPS,3.39,3.40,3.49,3.41,3.47,3.37,3.34,3.20,3.19,3.12,2.72
6149,OCF,—,—,—,—,—,—,—,—,—,—,—
6149,FCF,-117,-36,-232,12,-131,-99,-61,46,-85,-56,73
6149,NP Margin,0.18,-0.17,0.19,0.32,0.89,0.72,1.54,0.40,1.15,4.24,0.65
6149,ROE,0.95,-0.78,1.32,2.15,5.49,3.11,6.77,1.70,3.91,14.05,2.61
6149,Revenue GR,43.30,-34.83,1.56,11.11,44.79,2.83,4.73,27.33,12.40,-11.92,4.67
6149,Revenue GR 3Y avg,—,-9.74,17.78,18.27,15.96,11.10,14.44,8.03,1.19,-9.36,-13.04
6149,Revenue GR 5Y avg,—,1.83,11.97,17.14,17.42,6.31,6.68,1.28,-8.23,-10.54,-8.07
6149,Revenue GR 10Y avg,—,4.23,6.49,3.69,2.49,-1.14,—,—,—,—,—
6149,NP GR,—,—,-24.35,-30.20,52.06,-5.04,-18.30,-8.23,-3.80,12.92,-49.25
6149,NP GR 3Y avg,—,—,-3.40,-9.37,-14.01,8.48,9.86,-28.07,-25.52,6.08,-22.84
6149,NP GR 5Y avg,—,—,-16.64,-17.84,-4.49,-8.51,—,—,—,—,—
6149,NP GR 10Y avg,0.0,0.0,0.0,0.0,0.0,0.0,0.0,0.0,0.0,0.0,0.0
6149,EPS GR,-109.26,—,-39.31,-60.56,80.98,-52.38,307.68,-55.89,-69.67,478.22,-74.62
6149,EPS GR 3Y avg,—,—,-24.34,-30.21,52.03,-5.03,-18.29,-8.20,-23.65,-10.38,-59.73
6149,EPS GR 5Y avg,—,—,-3.41,-9.37,-14.01,8.48,-4.35,-37.38,-35.16,-7.65,-32.83
6149,EPS GR 10Y avg,—,—,-22.22,-23.35,-10.89,-14.64,—,—,—,—,—
6149,OCF GR,—,—,—,—,—,—,—,—,—,—,—
6149,FCF GR,—,—,—,—,—,—,—,—,—,—,—
6149,D/E,0.53,0.54,0.60,0.61,0.60,0.67,0.58,—,—,—,0.09
6149,Price,1.4500,1.3500,1.4000,1.5400,1.7500,1.6800,1.8900,1.9200,1.8300,1.7600,2.0700
6173,Year End,TTM,2020-12,2019-12,2018-12,2017-12,2016-12,2015-12,2014-12,2013-12,2012-12,2011-12
6173,Revenue,203,220,248,203,252,357,243,329,281,312,230
6173,NP,2,5,5,-42,-8,34,24,24,21,22,20
6173,EPS,0.01,0.02,0.02,-0.14,-0.04,0.11,0.08,0.17,0.29,0.29,0.26
6173,DPS,0.01,—,—,—,0.04,0.04,0.04,0.07,0.07,—,0.07
6173,Div Payout,123.0,—,—,—,52.8,46.1,25.4,26.5,23.8,1.6,35.6
6173,Shares,304,304,304,304,304,304,290,146,73,76,76
6173,BVPS,1.53,1.51,1.47,1.56,1.72,1.66,1.61,3.80,3.46,3.29,2.85
6173,OCF,12,6,45,-32,265,-31,21,28,-62,-126,-31
6173,FCF,11,5,40,-42,242,-45,15,22,-66,-131,-33
6173,NP Margin,0.92,2.41,1.90,-20.75,-3.02,9.53,9.95,7.35,7.52,6.95,8.51
6173,ROE,0.40,1.14,1.02,-8.66,-1.45,6.54,6.14,8.80,8.22,9.02,8.75
6173,Revenue GR,-35.29,-11.54,22.04,-19.20,-29.41,46.56,-26.02,17.04,-9.91,35.77,25.94
6173,Revenue GR 3Y avg,—,-4.45,-11.37,-5.80,-8.53,8.26,-7.95,12.70,15.49,13.32,-4.44
6173,Revenue GR 5Y avg,—,-2.03,-5.47,-6.26,-4.20,9.19,5.93,8.94,1.31,5.87,10.48
6173,Revenue GR 10Y avg,—,1.87,1.48,-2.55,0.71,9.83,—,—,—,—,—
6173,NP GR,—,—,-48.27,—,—,17.16,3.75,7.32,15.67,13.76,9.32
6173,NP GR 3Y avg,—,-26.23,-27.91,—,—,11.70,12.13,10.41,7.16,18.55,34.04
6173,NP GR 5Y avg,—,-9.05,-10.78,—,—,22.36,—,—,—,—,—
6173,NP GR 10Y avg,0.0,0.0,0.0,0.0,0.0,0.0,0.0,0.0,0.0,0.0,0.0
6173,EPS GR,-807.14,12.26,—,—,—,34.01,-74.84,18.93,-2.48,10.91,36.57
6173,EPS GR 3Y avg,—,—,-48.26,—,—,-26.26,-33.67,8.75,13.89,10.20,5.91
6173,EPS GR 5Y avg,—,-26.92,-45.82,—,—,-15.39,-15.07,9.19,5.14,16.26,31.38
6173,EPS GR 10Y avg,—,-21.22,-23.08,—,—,5.43,—,—,—,—,—
6173,OCF GR,—,-86.32,—,—,—,—,-25.21,—,—,—,—
6173,FCF GR,—,-87.33,—,—,—,—,-33.71,—,—,—,—
6173,D/E,0.07,0.07,0.06,0.08,0.07,0.07,0.54,0.94,1.20,1.19,0.66
6173,Price,0.5100,0.3850,0.3750,0.3100,0.6000,0.6800,0.6700,0.7900,1.7000,1.3000,1.1700
6238,Year End,TTM,2020-12,2019-12,2018-12,2017-12,2016-12,2015-12,2014-12,2013-12,2012-12,2011-12
6238,Revenue,585,538,684,610,506,499,655,605,548,603,582
6238,NP,34,33,55,54,47,56,76,77,85,91,87
6238,EPS,0.06,0.06,0.10,0.10,0.09,0.10,0.14,0.14,0.15,0.16,0.16
6238,DPS,0.01,0.01,0.02,0.02,0.02,0.02,0.02,0.03,0.03,0.03,0.02
6238,Div Payout,22.4,23.6,23.3,23.2,30.2,19.9,19.1,20.9,22.4,19.6,16.4
6238,Shares,550,550,550,550,550,550,550,550,553,554,554
6238,BVPS,1.55,1.52,1.48,1.40,1.40,1.26,1.17,1.06,0.95,0.86,0.61
6238,OCF,137,159,98,106,29,45,-16,23,27,82,136
6238,FCF,122,147,74,36,-2,7,-31,13,8,70,119
6238,NP Margin,5.86,6.09,8.08,8.81,9.20,11.32,11.64,12.72,15.54,15.03,15.01
6238,ROE,4.09,3.95,6.93,7.12,6.48,8.30,12.15,13.58,16.76,20.40,23.14
6238,Revenue GR,41.91,-21.25,12.00,20.65,1.48,-23.86,8.27,10.26,-9.09,3.74,19.10
6238,Revenue GR 3Y avg,—,2.09,11.10,-2.31,-5.77,-3.13,2.77,1.31,3.95,17.17,23.45
6238,Revenue GR 5Y avg,—,-3.84,2.48,2.16,-3.46,-3.03,6.04,10.03,12.15,—,—
6238,Revenue GR 10Y avg,—,0.98,6.19,7.04,—,—,—,—,—,—,—
6238,NP GR,—,-11.03,-0.73,-10.98,-15.43,-12.84,-5.64,-4.12,5.08,17.21,27.77
6238,NP GR 3Y avg,—,-15.53,-6.42,-8.80,-12.49,-8.35,0.74,6.43,15.29,—,—
6238,NP GR 5Y avg,—,-7.75,-0.20,2.54,—,—,—,—,—,—,—
6238,NP GR 10Y avg,0.0,0.0,0.0,0.0,0.0,0.0,0.0,0.0,0.0,0.0,0.0
6238,EPS GR,20.44,-40.70,2.76,15.47,-17.53,-25.96,-0.86,-9.16,-5.93,5.61,17.99
6238,EPS GR 3Y avg,—,-11.06,-0.72,-10.99,-15.40,-12.63,-5.37,-3.36,5.44,17.66,27.88
6238,EPS GR 5Y avg,—,-15.54,-6.40,-8.68,-12.35,-7.90,1.09,6.84,15.75,—,—
6238,EPS GR 10Y avg,—,-7.60,—,2.81,—,—,—,—,—,—,—
6238,OCF GR,—,61.93,-7.42,264.85,-34.92,—,—,-16.49,-66.60,-40.04,151.79
6238,FCF GR,—,98.35,107.59,—,—,—,—,59.47,-88.42,-41.36,282.25
6238,D/E,0.03,0.04,0.06,0.07,0.01,—,—,—,—,—,—
6238,Price,0.9600,1.0000,1.3300,1.3500,1.4300,1.6000,1.8900,1.7000,1.8700,1.5000,1.2900
6262,Year End,TTM,2020-12,2019-12,2018-12,2017-12,2016-12,2015-12,2014-12,2013-12,2012-12,2011-12
6262,Revenue,157,155,119,114,138,136,115,58,33,25,13
6262,NP,39,36,15,9,43,31,20,8,3,5,4
6262,EPS,0.08,0.07,0.03,0.02,0.06,0.07,0.05,0.02,0.01,0.01,0.01
6262,DPS,0.09,0.04,0.01,0.03,0.04,—,—,—,—,—,—
6262,Div Payout,105.0,57.3,88.5,58.4,51.3,—,—,—,—,—,—
6262,Shares,479,479,479,479,479,468,417,402,397,400,398
6262,BVPS,0.67,0.70,0.64,0.65,0.69,0.65,0.61,0.57,0.54,0.54,0.52
6262,OCF,59,68,33,35,62,35,22,20,11,—,7
6262,FCF,49,57,23,13,35,16,-1,-52,-38,-20,-43
6262,NP Margin,24.70,23.48,12.41,8.29,30.89,23.00,17.78,13.09,9.78,21.15,27.02
6262,ROE,11.94,11.16,4.70,2.92,12.98,11.08,8.55,3.37,1.47,2.54,1.75
6262,Revenue GR,4.59,30.64,3.83,-17.36,1.37,18.52,98.98,77.67,27.62,90.49,-51.66
6262,Revenue GR 3Y avg,—,3.88,-4.54,-0.24,33.71,61.22,65.24,62.86,5.53,-3.35,-30.20
6262,Revenue GR 5Y avg,—,6.13,15.45,28.55,40.22,59.08,32.96,15.40,-3.73,-7.51,27.98
6262,Revenue GR 10Y avg,—,18.79,15.43,11.24,13.88,42.68,—,—,—,—,—
6262,NP GR,—,-5.20,-22.28,-22.66,78.04,114.39,55.97,27.90,-23.59,-7.57,-23.59
6262,NP GR 3Y avg,—,12.20,14.24,24.36,51.26,54.03,23.46,2.08,-17.06,-6.56,—
6262,NP GR 5Y avg,—,17.69,7.99,1.56,18.88,—,—,—,—,—,—
6262,NP GR 10Y avg,0.0,0.0,0.0,0.0,0.0,0.0,0.0,0.0,0.0,0.0,0.0
6262,EPS GR,35.25,147.56,55.05,-77.78,32.99,31.86,169.70,135.71,-40.64,49.74,-58.73
6262,EPS GR 3Y avg,—,-5.16,-22.91,-26.96,67.85,103.14,55.69,27.96,-28.42,-38.46,-50.45
6262,EPS GR 5Y avg,—,8.39,10.26,19.89,45.93,49.43,18.45,-20.07,-35.91,-28.50,—
6262,EPS GR 10Y avg,—,13.31,-6.12,-12.34,2.15,—,—,—,—,—,—
6262,OCF GR,—,101.91,-4.59,-43.29,78.22,59.44,8.31,76.73,—,—,-15.87
6262,FCF GR,—,148.81,76.78,-62.59,113.59,—,—,—,—,—,—
6262,D/E,0.01,0.01,0.01,—,0.04,0.11,0.22,0.29,0.16,—,—
6262,Price,1.0500,1.1700,0.9600,0.6100,1.1700,1.1200,1.2800,1.4900,1.4500,1.5500,1.3400
6351,Year End,TTM,2020-12,2019-12,2018-12,2017-12,2016-12,2015-12,2014-12,2013-12,2012-12,2011-12
6351,Revenue,"1,272","1,153",966,972,984,"1,088","1,020",856,834,798,736
6351,NP,57,47,51,55,53,55,64,100,109,100,90
6351,EPS,0.35,0.29,0.31,0.33,0.32,0.33,0.39,0.61,0.66,0.61,0.55
6351,DPS,0.20,0.20,0.20,0.20,0.20,0.25,0.40,0.40,0.40,0.39,0.36
6351,Div Payout,57.8,60.8,53.3,71.4,64.9,102.3,80.1,62.3,61.9,64.3,71.4
6351,Shares,164,164,164,164,164,164,164,164,164,164,164
6351,BVPS,1.36,1.39,1.33,1.23,1.27,1.26,1.32,1.37,1.35,1.39,1.28
6351,OCF,49,46,62,54,-16,51,110,94,111,91,93
6351,FCF,27,26,49,53,-18,45,106,91,109,86,91
6351,NP Margin,4.46,4.07,5.29,5.61,5.35,5.03,6.27,11.67,13.07,12.50,12.23
6351,ROE,26.05,20.99,23.30,25.31,24.78,26.26,29.26,42.87,47.17,47.45,44.63
6351,Revenue GR,50.72,19.37,-0.61,-1.21,-9.50,6.63,19.18,2.59,4.60,8.39,2.28
6351,Revenue GR 3Y avg,—,5.43,-3.86,-1.58,4.77,9.24,8.54,5.16,5.06,6.30,4.46
6351,Revenue GR 5Y avg,—,2.49,2.46,3.11,4.30,8.13,7.23,5.21,5.26,6.42,0.33
6351,Revenue GR 10Y avg,—,4.83,3.83,4.18,5.35,4.16,6.99,—,—,—,—
6351,NP GR,—,-3.78,-2.18,-5.17,-19.21,-20.56,-13.77,3.54,11.68,11.18,-1.83
6351,NP GR 3Y avg,—,-6.01,-12.52,-12.95,-11.99,-9.49,-3.97,6.60,2.77,2.55,2.23
6351,NP GR 5Y avg,—,-4.99,-3.43,-5.41,-5.00,-3.81,2.04,—,—,—,—
6351,NP GR 10Y avg,0.0,0.0,0.0,0.0,0.0,0.0,0.0,0.0,0.0,0.0,0.0
6351,EPS GR,97.10,-8.32,-6.15,3.56,-3.67,-14.53,-35.97,-8.41,9.35,10.84,14.93
6351,EPS GR 3Y avg,—,-3.77,-2.17,-5.17,-19.22,-20.57,-13.77,3.54,11.68,11.21,-1.81
6351,EPS GR 5Y avg,—,-6.01,-12.52,-12.95,-11.99,-9.49,-3.97,6.61,2.79,2.54,2.23
6351,EPS GR 10Y avg,—,-4.99,-3.43,-5.41,-5.00,-3.81,2.03,—,—,—,—
6351,OCF GR,—,-25.80,15.15,—,—,-53.64,16.56,-15.46,22.56,-2.30,-1.19
6351,FCF GR,—,-46.17,-7.77,—,—,-57.29,16.93,-16.73,26.27,-4.75,2.45
6351,D/E,0.02,0.02,0.03,—,—,—,—,—,—,—,—
6351,Price,5.4800,5.7800,5.7100,6.0000,7.3800,7.4200,9.4200,10.4000,12.0000,12.0000,9.2600
6399,Year End,TTM,2021-01,2020-01,2019-01,2018-01,2017-01,2016-01,2015-01,2014-01,2013-01,2012-01
6399,Revenue,"4,364","4,355","4,907","5,479","5,531","5,613","5,475","5,231","4,791","4,265","3,889"
6399,NP,607,540,655,463,771,624,615,519,448,418,624
6399,EPS,0.11,0.10,0.13,0.09,0.15,0.12,0.11,0.10,0.08,0.22,0.12
6399,DPS,0.06,0.06,0.07,0.11,0.13,0.10,0.13,0.10,0.09,0.01,—
6399,Div Payout,48.7,58.8,65.0,111.7,88.6,72.5,113.2,101.1,—,—,—
6399,Shares,"5,219","5,219","5,214","5,214","5,211","5,215","5,215","5,210","5,206","1,881","5,197"
6399,BVPS,0.22,0.19,0.16,0.12,0.13,0.11,0.12,0.11,0.10,0.09,—
6399,OCF,"1,581","1,683","1,646","1,895","2,016","1,888","1,943","2,071","1,451","1,165","1,022"
6399,FCF,"1,167","1,282","1,150","1,292","1,363","1,232","1,272","1,351","1,053",851,484
6399,NP Margin,13.91,12.39,13.35,8.45,13.93,11.11,11.24,9.93,9.35,9.80,16.05
6399,ROE,59.35,55.84,90.95,74.73,120.69,101.90,95.07,79.49,79.64,84.04,76.40
6399,Revenue GR,0.82,-11.24,-10.44,-0.93,-1.46,2.51,4.66,9.20,12.33,9.67,6.13
6399,Revenue GR 3Y avg,—,-7.65,-4.38,0.02,1.87,5.42,8.68,10.39,9.35,9.57,—
6399,Revenue GR 5Y avg,—,-4.47,-1.27,2.72,5.34,7.61,8.37,10.04,—,—,—
6399,Revenue GR 10Y avg,—,1.74,4.23,—,—,—,—,—,—,—,—
6399,NP GR,—,-11.19,1.66,-9.05,14.06,11.66,13.76,-5.94,-18.37,-12.04,—
6399,NP GR 3Y avg,—,-2.58,4.76,0.66,13.01,-0.01,-5.66,-3.30,—,—,—
6399,NP GR 5Y avg,—,-4.13,0.65,—,—,—,—,—,—,—,—
6399,NP GR 10Y avg,0.0,0.0,0.0,0.0,0.0,0.0,0.0,0.0,0.0,0.0,0.0
6399,EPS GR,92.86,-23.08,44.44,-40.00,25.00,1.69,18.00,16.28,-60.91,83.20,-24.21
6399,EPS GR 3Y avg,—,-12.64,2.70,-8.63,14.47,11.74,-18.75,-5.92,-18.43,23.02,—
6399,EPS GR 5Y avg,—,-3.26,5.39,0.91,-7.37,-0.01,-5.72,-3.28,—,—,—
6399,EPS GR 10Y avg,—,-4.50,0.96,—,—,—,—,—,—,—,—
6399,OCF GR,—,2.22,-13.12,-6.01,6.78,-2.86,-6.15,42.77,24.51,13.96,-20.56
6399,FCF GR,—,11.49,-10.96,-5.24,10.65,-3.15,-5.88,28.35,23.74,75.84,-39.92
6399,D/E,2.21,2.50,3.56,5.29,5.08,4.45,5.47,4.47,5.48,6.95,7.59
6399,Price,0.9900,0.8500,1.2000,1.6800,2.6000,2.7200,2.7900,2.9200,2.9400,2.7900,0.0000
6432,Year End,TTM,2020-04,2019-04,2018-04,2017-04,2016-04,2015-04,2014-04,2013-04,2012-04,2011-04
6432,Revenue,179,175,189,191,209,208,213,221,223,201,176
6432,NP,15,14,17,11,18,30,25,33,32,22,18
6432,EPS,0.19,0.18,0.22,0.14,0.22,0.37,0.32,0.42,0.40,0.27,0.22
6432,DPS,0.30,0.20,0.20,0.25,0.30,0.25,0.25,0.25,0.20,0.20,0.25
6432,Div Payout,156.2,114.2,105.8,161.1,142.5,57.8,77.4,59.6,47.4,73.5,—
6432,Shares,80,80,80,80,80,80,80,80,80,80,80
6432,BVPS,2.88,2.99,3.02,3.02,3.11,3.20,3.03,2.96,2.79,2.69,—
6432,OCF,20,29,29,27,23,38,36,47,32,28,23
6432,FCF,19,27,27,13,18,35,29,37,25,18,8
6432,NP Margin,8.56,8.15,9.24,5.80,8.54,14.29,11.90,15.16,14.40,10.84,10.13
6432,ROE,6.53,5.83,7.13,4.46,6.98,11.76,10.28,14.13,14.41,10.26,8.62
6432,Revenue GR,-12.10,-7.40,-1.10,-8.70,0.35,-2.09,-3.66,-0.91,11.07,13.76,—
6432,Revenue GR 3Y avg,—,-5.79,-3.23,-3.56,-1.81,-2.23,1.97,7.78,11.77,4.58,—
6432,Revenue GR 5Y avg,—,-3.85,-3.09,-3.05,0.82,3.38,5.91,4.71,4.22,5.39,—
6432,Revenue GR 10Y avg,—,0.91,0.73,0.52,3.08,3.87,—,—,—,—,—
6432,NP GR,—,-7.22,-16.32,-24.07,-18.93,-2.49,5.17,23.30,9.14,1.29,—
6432,NP GR 3Y avg,—,-10.85,-12.24,-19.17,-3.89,10.75,0.50,9.86,8.87,-2.40,—
6432,NP GR 5Y avg,—,-5.35,-1.81,-6.19,-3.15,3.66,—,—,—,—,—
6432,NP GR 10Y avg,0.0,0.0,0.0,0.0,0.0,0.0,0.0,0.0,0.0,0.0,0.0
6432,EPS GR,-11.85,-18.23,57.37,-37.91,-40.05,17.58,-24.35,4.24,47.54,21.77,—
6432,EPS GR 3Y avg,—,-7.21,-16.33,-24.07,-18.91,-2.49,5.17,23.26,9.13,1.30,—
6432,EPS GR 5Y avg,—,-10.85,-12.22,-19.17,-3.89,10.74,0.49,9.84,8.87,-2.40,—
6432,EPS GR 10Y avg,—,-5.35,-1.81,-6.19,-3.15,3.66,—,—,—,—,—
6432,OCF GR,—,-0.63,6.99,17.26,-39.38,6.52,-23.28,47.27,12.44,20.90,—
6432,FCF GR,—,-0.19,114.03,-30.39,-48.14,22.45,-20.85,45.34,36.75,126.43,—
6432,D/E,—,—,—,—,—,—,—,—,—,—,—
6432,Price,3.7800,3.7800,3.2000,3.8500,3.9100,5.0000,5.9500,4.5200,4.7900,3.8100,2.9300
6459,Year End,TTM,2020-03,2019-03,2018-03,2017-03,2016-03,2015-03,2014-03,2013-03,2012-03,2011-12
6459,Revenue,"2,511","2,322","2,071","2,229","2,331","2,195","2,201","2,222","2,048","1,302","1,376"
6459,NP,179,133,104,141,71,-39,139,156,113,84,123
6459,EPS,0.24,0.17,0.20,0.42,0.21,-0.09,0.33,0.37,0.27,0.21,0.29
6459,DPS,0.03,0.03,—,—,—,—,0.08,0.16,0.09,0.10,0.10
6459,Div Payout,12.4,10.6,—,—,—,—,28.0,53.8,46.6,34.7,—
6459,Shares,—,773,514,334,342,424,424,424,424,424,424
6459,BVPS,3.09,2.85,2.65,3.57,3.25,3.14,2.94,2.71,2.76,2.35,—
6459,OCF,197,54,-464,65,-46,118,103,42,-18,-108,133
6459,FCF,154,45,-477,50,-58,113,97,31,-25,-120,119
6459,NP Margin,7.12,5.73,5.04,6.32,3.05,-1.77,6.32,7.02,5.50,6.45,8.93
6459,ROE,7.68,6.05,5.71,9.53,5.18,-2.90,10.82,13.24,9.92,7.93,13.00
6459,Revenue GR,31.19,12.09,-7.09,-4.38,6.21,-0.25,-0.98,8.52,57.31,—,2.13
6459,Revenue GR 3Y avg,—,-0.14,-1.92,0.43,1.61,2.34,19.12,—,—,-2.73,114.17
6459,Revenue GR 5Y avg,—,1.08,-1.40,1.71,12.36,—,—,16.64,111.46,98.57,156.68
6459,Revenue GR 10Y avg,—,—,5.35,35.68,40.60,84.99,87.39,—,—,—,—
6459,NP GR,—,23.15,—,0.41,-23.02,—,18.32,—,—,49.79,-10.32
6459,NP GR 3Y avg,—,-0.91,-7.72,4.57,-3.26,—,—,41.31,56.50,-19.56,1.31
6459,NP GR 5Y avg,—,—,9.15,22.56,-10.04,—,2.32,—,—,—,—
6459,NP GR 10Y avg,0.0,0.0,0.0,0.0,0.0,0.0,0.0,0.0,0.0,0.0,0.0
6459,EPS GR,500.00,-15.27,-38.89,59.78,—,—,-10.79,38.37,34.26,—,142.44
6459,EPS GR 3Y avg,—,-6.12,—,0.43,-17.30,—,18.34,—,—,49.70,-10.36
6459,EPS GR 5Y avg,—,-12.11,-11.20,4.57,1.00,—,—,41.31,56.67,-19.62,0.17
6459,EPS GR 10Y avg,—,—,6.63,22.61,-7.69,—,1.62,—,—,—,—
6459,OCF GR,—,—,—,—,—,14.26,147.81,—,—,—,289.68
6459,FCF GR,—,—,—,—,—,15.70,218.68,—,—,—,513.96
6459,D/E,0.13,0.14,0.15,—,0.08,0.09,0.09,0.10,0.10,0.14,—
6459,Price,1.3000,1.3000,0.5650,1.0300,2.6400,2.4300,2.8600,3.5800,3.7200,2.9400,2.6200
6483,Year End,TTM,2020-12,2019-12,2018-12,2017-12,2016-12,2015-12,2014-12,2013-12,2012-12,2011-12
6483,Revenue,542,487,324,321,327,408,399,449,208,228,52
6483,NP,143,102,26,12,24,20,11,30,6,1,7
6483,EPS,0.20,0.14,0.04,0.02,0.03,0.03,0.01,0.04,0.01,—,0.01
6483,DPS,—,0.03,0.01,0.03,0.02,—,0.01,—,—,0.01,—
6483,Div Payout,—,32.3,135.8,59.2,119.0,—,—,—,—,—,—
6483,Shares,730,720,699,715,723,762,770,732,732,618,612
6483,BVPS,1.33,1.36,1.29,1.26,1.21,1.22,1.16,1.16,1.10,1.12,1.22
6483,OCF,-777,-582,23,315,455,-47,109,-197,-179,400,32
6483,FCF,-794,-598,9,304,437,-206,103,-213,-193,374,21
6483,NP Margin,26.44,21.00,8.15,3.72,7.39,4.83,2.83,6.57,2.97,0.39,14.33
6483,ROE,15.51,10.74,2.97,1.35,2.72,2.27,1.32,3.54,0.76,0.11,0.99
6483,Revenue GR,71.26,50.53,0.97,-2.05,-19.82,2.23,-11.10,115.67,-8.70,341.65,-23.26
6483,Revenue GR 3Y avg,—,14.18,-7.44,-7.06,-10.01,25.15,20.52,105.65,45.72,53.57,-2.86
6483,Revenue GR 5Y avg,—,4.06,-6.34,9.01,7.49,51.20,42.78,48.13,29.88,40.21,8.47
6483,Revenue GR 10Y avg,—,21.89,17.79,18.99,22.76,28.07,—,—,—,—,—
6483,NP GR,—,61.71,10.19,1.76,-6.41,47.13,132.80,58.56,—,-61.88,—
6483,NP GR 3Y avg,—,55.35,-2.21,13.98,93.31,21.65,—,12.78,—,-63.65,-23.73
6483,NP GR 5Y avg,—,—,5.02,—,-16.17,-3.68,—,—,—,—,—
6483,NP GR 10Y avg,0.0,0.0,0.0,0.0,0.0,0.0,0.0,0.0,0.0,0.0,0.0
6483,EPS GR,-567.68,275.13,126.35,-50.15,29.34,66.03,-61.29,374.12,—,-96.80,—
6483,EPS GR 3Y avg,—,61.76,13.43,2.30,-5.97,44.98,239.12,47.73,—,-75.59,—
6483,EPS GR 5Y avg,—,55.49,-1.27,14.46,142.44,15.69,—,7.94,—,-71.97,-23.27
6483,EPS GR 10Y avg,—,—,3.23,—,-17.56,-5.79,—,—,—,—,—
6483,OCF GR,—,—,-92.80,-30.83,—,—,—,—,—,—,-95.48
6483,FCF GR,—,—,-97.11,-30.40,—,—,—,—,—,—,-97.08
6483,D/E,0.23,0.34,0.14,0.14,0.10,0.18,0.16,0.18,0.61,0.12,—
6483,Price,1.8100,0.9500,0.4500,0.6000,0.5450,0.4400,0.5350,0.6000,0.6000,0.6100,0.6400
6491,Year End,TTM,2020-03,2019-03,2018-03,2017-03,2016-03,2015-03,2014-03,2013-03,2012-03,2011-03
6491,Revenue,480,501,469,482,547,541,545,505,487,471,432
6491,NP,42,29,60,32,30,57,59,60,77,81,71
6491,EPS,0.15,0.10,0.21,0.11,0.10,0.20,0.21,0.22,0.28,0.31,0.27
6491,DPS,0.09,0.09,0.09,0.09,0.09,0.09,0.08,0.08,0.08,0.07,0.05
6491,Div Payout,60.3,77.6,41.7,193.1,42.0,52.3,35.6,32.4,24.5,24.6,—
6491,Shares,280,281,282,282,279,279,278,274,270,264,263
6491,BVPS,2.93,2.88,2.81,2.69,2.82,2.71,2.46,2.26,2.20,1.99,—
6491,OCF,168,82,53,-8,193,108,57,102,53,131,138
6491,FCF,136,50,12,-21,148,55,17,10,29,117,119
6491,NP Margin,8.68,5.83,12.75,6.64,5.45,10.48,10.75,11.95,15.89,17.18,16.45
6491,ROE,5.14,3.64,7.69,4.21,3.93,7.66,8.55,9.65,13.33,15.99,16.41
6491,Revenue GR,-8.04,6.69,-2.69,-11.83,1.13,-0.68,7.97,3.71,3.35,9.00,—
6491,Revenue GR 3Y avg,—,-2.90,-4.62,-3.97,2.74,3.61,4.99,5.32,5.75,8.45,—
6491,Revenue GR 5Y avg,—,-1.67,-1.43,-0.17,3.06,4.61,5.78,6.45,9.52,9.84,—
6491,Revenue GR 10Y avg,—,1.99,2.44,4.57,6.40,6.06,—,—,—,—,—
6491,NP GR,—,-0.71,1.79,-18.20,-20.90,-9.80,-10.19,-5.31,9.58,20.55,—
6491,NP GR 3Y avg,—,-12.99,-0.15,-16.14,-18.07,-4.40,-0.06,5.49,20.61,22.21,—
6491,NP GR 5Y avg,—,-6.75,2.63,0.57,0.06,4.99,—,—,—,—,—
6491,NP GR 10Y avg,0.0,0.0,0.0,0.0,0.0,0.0,0.0,0.0,0.0,0.0,0.0
6491,EPS GR,65.74,-51.06,87.06,6.17,-47.32,-3.74,-4.22,-23.08,-6.50,13.49,—
6491,EPS GR 3Y avg,—,-0.94,1.52,-18.65,-21.39,-10.82,-11.68,-6.54,8.67,20.42,—
6491,EPS GR 5Y avg,—,-13.19,-0.72,-16.88,-18.97,-5.53,-1.12,4.66,20.00,22.14,—
6491,EPS GR 10Y avg,—,-7.35,1.94,-0.13,-0.52,4.40,—,—,—,—,—
6491,OCF GR,—,55.74,—,—,78.87,88.01,-43.74,92.82,-59.64,-4.97,—
6491,FCF GR,—,302.83,—,—,171.07,221.23,73.98,-66.63,-74.88,-1.38,—
6491,D/E,0.05,0.06,0.02,0.02,0.02,0.02,0.01,—,—,0.01,0.05
6491,Price,1.9200,1.9200,1.1800,1.6600,1.4900,1.9000,1.8500,1.9900,2.3300,1.8800,1.8700
6521,Year End,TTM,2020-12,2019-12,2018-12,2017-12,2016-12,2015-12,2014-12,2013-12,2012-12,2011-12
6521,Revenue,220,222,275,401,333,259,259,273,263,263,276
6521,NP,31,33,52,53,49,67,126,52,61,51,54
6521,EPS,0.09,0.10,0.15,0.15,0.14,0.19,0.37,0.15,0.17,0.15,0.16
6521,DPS,0.04,0.04,0.05,0.08,—,0.06,0.06,0.06,0.05,0.05,0.05
6521,Div Payout,38.6,44.2,38.0,27.6,16.4,40.5,15.4,32.9,31.3,33.4,25.3
6521,Shares,346,346,346,346,346,346,340,340,340,340,340
6521,BVPS,3.23,3.28,3.21,3.12,2.99,2.90,2.77,2.57,2.46,2.35,2.15
6521,OCF,59,57,104,132,82,58,82,45,137,104,82
6521,FCF,45,42,79,-7,-19,25,69,34,102,93,63
6521,NP Margin,14.29,14.85,18.96,13.22,14.71,25.79,48.77,19.08,23.20,19.34,19.41
6521,ROE,2.80,2.97,4.77,4.97,4.73,6.72,13.91,6.18,7.46,6.49,7.16
6521,Revenue GR,-3.96,-19.46,-31.25,20.44,28.68,-0.28,-5.09,3.72,0.15,-4.74,8.25
6521,Revenue GR 3Y avg,—,-12.63,2.14,15.62,6.79,-0.61,-0.47,-0.35,1.08,2.41,-1.11
6521,Revenue GR 5Y avg,—,-3.06,0.17,8.76,4.82,-1.30,0.33,2.22,-1.60,-3.26,5.47
6521,Revenue GR 10Y avg,—,-1.38,1.19,3.45,0.70,2.03,—,—,—,—,—
6521,NP GR,—,-12.34,-7.81,-25.18,-2.08,2.95,35.47,-0.92,2.95,-3.23,12.70
6521,NP GR 3Y avg,—,-23.58,0.05,-2.82,-0.77,4.47,17.69,-1.47,10.30,-24.03,2.69
6521,NP GR 5Y avg,—,-5.17,-0.72,3.53,-13.18,3.58,—,—,—,—,—
6521,NP GR 10Y avg,0.0,0.0,0.0,0.0,0.0,0.0,0.0,0.0,0.0,0.0,0.0
6521,EPS GR,-15.08,-36.89,-1.37,8.26,-26.63,-48.09,142.31,-14.70,20.11,-5.08,-4.30
6521,EPS GR 3Y avg,—,-12.33,-7.81,-25.57,-2.64,2.37,35.40,-0.93,2.95,-3.23,12.70
6521,EPS GR 5Y avg,—,-23.82,-0.30,-3.15,-1.12,4.11,17.66,-1.48,10.29,-24.03,-10.59
6521,EPS GR 10Y avg,—,-5.32,-0.89,3.35,-13.33,-3.52,—,—,—,—,—
6521,OCF GR,—,-45.44,-21.38,61.98,41.04,-29.12,80.64,-66.95,31.74,26.93,-62.07
6521,FCF GR,—,-46.26,—,—,—,-63.37,104.57,-66.61,9.09,48.23,-21.02
6521,D/E,0.10,0.09,0.10,0.11,0.15,0.18,0.24,0.32,0.23,0.29,0.29
6521,Price,1.1400,1.0800,1.2700,1.6500,1.8500,1.9900,2.3400,2.3600,2.6500,1.5100,1.5800
6599,Year End,TTM,2020-12,2019-12,2018-12,2017-12,2016-12,2015-12,2014-12,2013-12,2012-12,2011-12
6599,Revenue,"3,874","4,051","4,539","4,354","4,088","4,039","3,835","3,705","3,514","3,256","2,985"
6599,NP,56,41,109,105,105,80,133,213,231,213,195
6599,EPS,0.04,0.03,0.08,0.07,0.07,0.06,0.10,0.15,0.16,0.15,0.14
6599,DPS,0.04,0.04,0.04,0.04,0.03,0.04,0.05,0.06,0.06,0.04,0.04
6599,Div Payout,100.3,87.5,49.6,61.9,50.2,61.4,41.2,36.3,33.5,28.1,25.5
6599,Shares,"1,404","1,404","1,404","1,404","1,404","1,404","1,404","1,404","1,404","1,404","1,404"
6599,BVPS,1.21,1.17,1.17,1.40,1.35,1.31,1.28,1.22,1.12,1.05,0.80
6599,OCF,719,396,689,564,385,465,297,365,452,407,357
6599,FCF,698,350,415,42,13,-246,-417,-333,-85,157,32
6599,NP Margin,1.45,1.02,2.41,2.41,2.57,1.97,3.48,5.74,6.57,6.54,6.55
6599,ROE,3.32,2.46,5.88,5.28,5.49,4.31,7.40,12.46,14.84,15.44,16.18
6599,Revenue GR,-14.89,-10.74,4.25,6.49,1.23,5.32,3.49,5.44,7.95,9.08,3.11
6599,Revenue GR 3Y avg,—,-0.30,3.97,4.32,3.33,4.74,5.61,7.48,6.68,-4.48,-4.56
6599,Revenue GR 5Y avg,—,1.11,4.14,4.38,4.66,6.24,5.79,-0.16,0.47,2.44,7.44
6599,Revenue GR 10Y avg,—,3.42,1.97,2.40,3.54,6.88,—,—,—,—,—
6599,NP GR,—,-26.66,11.08,-7.64,-20.97,-29.85,-14.42,2.88,11.79,16.81,17.44
6599,NP GR 3Y avg,—,-20.86,-12.47,-14.57,-13.18,-16.41,-4.20,9.76,13.88,15.14,18.30
6599,NP GR 5Y avg,—,-12.92,-1.98,-1.36,-0.02,0.79,—,—,—,—,—
6599,NP GR 10Y avg,0.0,0.0,0.0,0.0,0.0,0.0,0.0,0.0,0.0,0.0,0.0
6599,EPS GR,196.23,-62.08,3.87,0.13,31.69,-40.21,-37.29,-7.90,8.58,8.80,18.51
6599,EPS GR 3Y avg,—,-26.67,11.06,-7.62,-20.96,-29.84,-14.41,2.85,11.87,16.83,17.43
6599,EPS GR 5Y avg,—,-20.86,-12.48,-14.56,-13.16,-16.42,-4.16,9.78,13.85,15.14,18.32
6599,EPS GR 10Y avg,—,-12.91,-1.98,-1.37,-0.01,0.80,—,—,—,—,—
6599,OCF GR,—,-42.52,22.23,46.34,-17.23,56.80,-18.59,-19.29,11.04,14.01,-3.09
6599,FCF GR,—,-15.70,898.08,213.34,—,—,—,—,—,385.86,-85.46
6599,D/E,1.20,1.24,1.39,0.17,0.08,0.17,0.04,—,—,—,—
6599,Price,1.2900,1.0700,1.4200,1.4700,1.7600,2.5700,2.7300,3.1500,14.0000,14.1200,7.2400
6633,Year End,TTM,2020-12,2019-12,2018-12,2017-12,2016-12,2015-12,2014-12,2013-12,2012-12,2011-12
6633,Revenue,"6,270","6,028","6,043","5,733","5,489","5,243","4,701",—,—,—,—
6633,NP,162,113,151,186,193,182,110,—,—,—,—
6633,EPS,0.04,0.03,0.04,0.05,0.06,0.05,0.03,—,—,—,—
6633,DPS,0.01,0.01,0.02,—,—,—,—,—,—,—,—
6633,Div Payout,12.4,22.3,36.4,—,—,—,—,—,—,—,—
6633,Shares,"3,650","3,650","3,558","3,400","3,400","3,650","3,650",—,—,—,—
6633,BVPS,0.50,0.46,0.44,—,—,—,—,—,—,—,—
6633,OCF,430,416,671,349,524,432,301,—,—,—,—
6633,FCF,-56,-98,266,-74,156,150,-44,—,—,—,—
6633,NP Margin,2.58,1.88,2.49,3.25,3.51,3.48,2.34,—,—,—,—
6633,ROE,9.36,6.75,10.23,14.97,15.40,15.04,9.87,—,—,—,—
6633,Revenue GR,16.90,-0.26,5.40,4.44,4.70,11.53,—,—,—,—,—
6633,Revenue GR 3Y avg,—,3.17,4.85,6.84,—,—,—,—,—,—,—
6633,Revenue GR 5Y avg,—,5.10,—,—,—,—,—,—,—,—,—
6633,Revenue GR 10Y avg,—,—,—,—,—,—,—,—,—,—,—
6633,NP GR,—,-16.24,-6.20,19.25,—,—,—,—,—,—,—
6633,NP GR 3Y avg,—,0.60,—,—,—,—,—,—,—,—,—
6633,NP GR 5Y avg,—,—,—,—,—,—,—,—,—,—,—
6633,NP GR 10Y avg,0.0,0.0,0.0,0.0,0.0,0.0,0.0,0.0,0.0,0.0,0.0
6633,EPS GR,221.67,-26.71,-22.81,3.87,5.53,66.18,—,—,—,—,—
6633,EPS GR 3Y avg,—,-16.24,-5.42,22.13,—,—,—,—,—,—,—
6633,EPS GR 5Y avg,—,0.60,—,—,—,—,—,—,—,—,—
6633,EPS GR 10Y avg,—,—,—,—,—,—,—,—,—,—,—
6633,OCF GR,—,-37.99,92.01,-33.40,21.39,43.61,—,—,—,—,—
6633,FCF GR,—,—,—,—,3.87,—,—,—,—,—,—
6633,D/E,0.54,0.59,0.60,0.80,0.65,0.34,0.47,—,—,—,—
6633,Price,0.6900,0.6850,0.8800,0.0000, - , - ,0.0,0.0,0.0,0.0,0.0
6645,Year End,TTM,2020-03,2019-03,2018-03,2017-03,2016-03,2015-03,2014-03,2013-03,2012-03,2011-03
6645,Revenue,405,504,516,524,534,416,381,374,369,359,319
6645,NP,218,262,236,229,221,174,138,134,131,83,98
6645,EPS,0.41,0.49,0.45,0.43,0.42,0.33,0.27,0.26,0.26,0.16,0.20
6645,DPS,0.25,0.25,0.25,0.25,0.25,0.25,0.20,0.17,0.17,0.17,0.17
6645,Div Payout,61.2,49.6,46.0,70.2,46.3,85.2,61.7,66.6,111.3,86.7,—
6645,Shares,532,531,528,528,525,520,515,514,510,505,502
6645,BVPS,2.24,2.07,1.80,1.56,1.41,1.15,1.08,0.97,0.85,0.84,—
6645,OCF,143,361,372,354,383,273,273,264,285,248,253
6645,FCF,142,360,368,347,379,268,269,261,189,103,213
6645,NP Margin,53.73,51.98,45.75,43.63,41.37,41.83,36.22,35.87,35.42,23.19,30.90
6645,ROE,18.99,26.14,26.94,29.71,33.42,30.42,26.61,28.55,31.82,20.58,23.05
6645,Revenue GR,-22.01,-2.36,-1.50,-1.94,28.35,9.32,1.82,1.25,2.95,12.60,—
6645,Revenue GR 3Y avg,—,-1.93,7.43,11.23,12.63,4.07,2.00,5.48,5.95,6.43,—
6645,Revenue GR 5Y avg,—,5.76,6.65,7.24,8.29,5.49,4.16,4.68,4.74,6.99,—
6645,Revenue GR 10Y avg,—,4.96,5.66,5.98,7.64,5.53,—,—,—,—,—
6645,NP GR,—,5.82,10.69,18.35,18.12,10.00,18.35,10.86,15.02,-6.62,—
6645,NP GR 3Y avg,—,13.69,11.97,11.81,21.59,12.08,9.91,5.60,4.53,-3.71,—
6645,NP GR 5Y avg,—,11.79,8.74,8.11,8.20,8.28,—,—,—,—,—
6645,NP GR 10Y avg,0.0,0.0,0.0,0.0,0.0,0.0,0.0,0.0,0.0,0.0,0.0
6645,EPS GR,-7.83,10.40,3.30,2.90,25.77,25.09,2.49,1.64,55.95,-16.02,—
6645,EPS GR 3Y avg,—,5.48,10.16,17.42,17.26,9.23,17.56,10.00,14.21,-7.25,—
6645,EPS GR 5Y avg,—,13.05,11.38,11.02,20.64,11.28,9.19,4.81,3.83,-4.31,—
6645,EPS GR 10Y avg,—,11.10,8.04,7.36,7.44,7.49,—,—,—,—,—
6645,OCF GR,—,-3.10,5.12,-7.60,40.50,-0.08,3.34,-7.34,14.93,-2.08,—
6645,FCF GR,—,-2.03,6.13,-8.60,41.55,-0.56,3.20,37.84,83.21,-51.43,—
6645,D/E,0.32,0.54,0.83,1.20,1.56,2.01,2.39,2.55,3.14,3.78,3.44
6645,Price,3.8800,3.8800,3.7000,4.2100,5.6900,6.0200,5.1000,3.7400,3.8400,4.3500,4.0700
6718,Year End,TTM,2021-01,2020-01,2019-01,2018-01,2017-01,2016-01,2015-01,2014-01,2013-01,2012-01
6718,Revenue,223,223,258,296,277,254,195,269,310,283,290
6718,NP,27,27,26,34,35,70,18,120,121,56,64
6718,EPS,0.10,0.10,0.09,0.12,0.12,0.25,0.07,0.43,0.46,0.22,0.27
6718,DPS,0.02,0.02,0.06,0.06,0.06,0.05,0.07,0.16,0.15,0.11,0.13
6718,Div Payout,20.8,24.9,52.2,55.3,37.9,22.2,38.9,38.4,33.3,49.1,49.1
6718,Shares,279,279,279,279,279,279,227,280,264,258,246
6718,BVPS,3.27,3.27,3.22,3.17,3.31,3.21,3.04,3.37,3.02,2.94,2.99
6718,OCF,—,—,—,—,—,—,—,—,—,—,—
6718,FCF,33,33,18,14,-2,-61,-52,-14,64,6,36
6718,NP Margin,12.02,12.02,10.18,11.61,12.63,27.63,9.09,44.51,39.00,19.68,21.87
6718,ROE,2.95,2.95,2.93,3.78,3.82,7.98,2.09,15.31,18.39,9.72,12.17
6718,Revenue GR,-5.93,-13.69,-12.63,6.65,8.96,30.73,-27.64,-13.36,9.83,-2.70,34.94
6718,Revenue GR 3Y avg,—,-7.01,0.51,14.96,1.01,-6.42,-11.70,-2.53,12.98,20.80,12.68
6718,Revenue GR 5Y avg,—,2.76,-0.80,-0.97,-0.39,-2.62,-2.00,10.90,8.86,17.77,31.00
6718,Revenue GR 10Y avg,—,0.35,4.88,3.83,8.31,12.95,8.70,—,—,—,—
6718,NP GR,—,-8.52,-27.95,24.73,-33.62,-16.57,-31.74,23.52,49.25,45.62,26.58
6718,NP GR 3Y avg,—,8.66,-26.15,-22.28,-8.84,2.05,-13.44,46.05,31.05,19.45,27.40
6718,NP GR 5Y avg,—,-3.02,3.86,0.92,4.35,14.02,-0.57,—,—,—,—
6718,NP GR 10Y avg,0.0,0.0,0.0,0.0,0.0,0.0,0.0,0.0,0.0,0.0,0.0
6718,EPS GR,189.42,2.13,-23.58,-1.60,-50.40,223.08,-81.99,-6.68,109.95,-16.60,57.74
6718,EPS GR 3Y avg,—,-8.42,-28.01,16.40,-33.91,-18.41,-29.33,17.78,40.30,23.70,9.34
6718,EPS GR 5Y avg,—,4.24,-26.32,-23.32,-10.77,-1.00,-14.23,29.97,18.01,7.92,15.85
6718,EPS GR 10Y avg,—,-5.44,-2.15,-4.87,-1.87,7.09,-4.68,—,—,—,—
6718,OCF GR,—,53.30,-29.04,75.45,—,—,—,—,395.62,-57.24,350.85
6718,FCF GR,—,76.28,35.94,—,—,—,—,—,—,-84.47,570.69
6718,D/E,0.17,0.17,0.28,0.29,0.31,0.31,0.22,0.25,0.17,0.13,0.16
6718,Price,1.0200,1.0200,1.2000,1.2500,1.4500,1.5100,1.6700,2.4200,2.8200,1.7300,1.6600
6742,Year End,TTM,2020-06,2019-06,2018-06,2017-06,2016-06,2015-06,2014-06,2013-06,2012-06,2011-06
6742,Revenue,"10,047","10,637","11,733","10,619","9,778","10,245","11,858","14,437","15,836","15,870","14,588"
6742,NP,203,68,477,620,694,"1,062",919,"1,202","1,070","1,232","1,364"
6742,EPS,0.03,0.01,0.06,0.07,0.08,0.13,0.12,0.16,0.12,0.14,0.15
6742,DPS,—,0.05,0.05,0.05,0.09,0.09,0.09,—,0.02,0.05,0.08
6742,Div Payout,—,102.3,75.4,61.9,89.0,85.6,59.7,—,18.3,53.6,—
6742,Shares,"7,963","8,155","8,180","8,359","8,432","8,235","7,794","7,510","8,592","8,721","8,884"
6742,BVPS,1.63,1.45,1.55,1.52,1.55,1.34,1.27,1.28,1.18,1.11,—
6742,OCF,"1,125","1,122","1,248","1,305","1,092","1,686","1,882","2,153","1,868","2,085","2,034"
6742,FCF,-406,-387,-257,-473,-570,265,197,611,385,763,687
6742,NP Margin,2.02,0.64,4.06,5.84,7.10,10.36,7.75,8.33,6.75,7.76,9.35
6742,ROE,1.62,0.55,3.72,4.72,5.38,8.88,8.42,11.76,11.00,13.73,17.35
6742,Revenue GR,1.78,-9.34,10.49,8.60,-4.56,-13.60,-17.86,-8.84,-0.22,8.79,—
6742,Revenue GR 3Y avg,—,2.85,4.62,-3.61,-12.18,-13.51,-9.26,-0.35,5.81,38.93,—
6742,Revenue GR 5Y avg,—,-2.15,-4.06,-7.68,-9.23,-6.82,-2.37,19.52,32.06,33.04,—
6742,Revenue GR 10Y avg,—,-2.26,7.08,10.42,9.89,11.17,—,—,—,—,—
6742,NP GR,—,-53.98,-23.43,-12.29,-16.75,-0.24,-9.32,-4.12,-4.00,23.98,—
6742,NP GR 3Y avg,—,-40.65,-16.89,-10.33,-10.85,-4.89,-5.34,13.21,0.59,-0.59,—
6742,NP GR 5Y avg,—,-25.05,-3.00,-5.03,-5.86,1.96,—,—,—,—,—
6742,NP GR 10Y avg,0.0,0.0,0.0,0.0,0.0,0.0,0.0,0.0,0.0,0.0,0.0
6742,EPS GR,59.37,-85.78,-21.45,-9.89,-36.15,9.31,-26.34,28.65,-11.94,-7.97,—
6742,EPS GR 3Y avg,—,-53.49,-23.26,-14.32,-19.89,1.18,-5.85,1.40,-6.11,17.40,—
6742,EPS GR 5Y avg,—,-41.21,-18.30,-9.83,-10.25,-3.44,-4.74,12.89,-1.56,-6.85,—
6742,EPS GR 10Y avg,—,-25.17,-3.97,-5.79,-8.56,-0.89,—,—,—,—,—
6742,OCF GR,—,-10.14,-4.33,19.51,-35.23,-10.42,-12.59,15.27,-10.44,2.51,—
6742,FCF GR,—,—,—,—,—,34.20,-67.73,58.45,-49.50,11.15,—
6742,D/E,1.70,1.71,1.51,1.83,1.80,1.91,2.06,2.06,2.09,1.45,1.72
6742,Price,0.7300,0.6700,0.8200,1.0300,1.4500,1.4100,1.6000,1.4700,1.6000,1.7600,2.2000
6815,Year End,TTM,2020-02,2019-02,2018-02,2017-02,2016-02,2015-02,2014-02,2013-02,2012-02,2011-02
6815,Revenue,310,298,360,314,167,129,168,186,147,143,124
6815,NP,41,34,30,10,-7,3,13,14,15,7,5
6815,EPS,0.32,0.26,0.24,0.07,-0.06,0.03,0.11,0.11,0.12,0.51,0.04
6815,DPS,0.01,0.01,—,—,—,—,0.01,0.02,—,—,—
6815,Div Payout,4.7,—,—,—,—,—,15.6,21.1,—,—,—
6815,Shares,128,128,128,128,128,128,128,128,128,128,128
6815,BVPS,3.00,2.69,2.40,2.25,2.23,2.23,2.19,2.08,2.02,1.93,—
6815,OCF,—,—,—,—,—,—,—,—,—,—,—
6815,FCF,194,-30,22,13,-56,-32,7,-9,-19,2,9
6815,NP Margin,13.14,11.35,8.42,3.05,-4.43,2.58,8.03,7.32,10.12,4.59,4.01
6815,ROE,11.20,10.06,9.92,3.36,-2.60,1.17,4.83,5.10,5.83,2.69,2.09
6815,Revenue GR,42.59,-17.12,14.60,88.08,29.12,-22.87,-9.90,26.92,2.51,15.21,—
6815,Revenue GR 3Y avg,—,21.34,40.66,23.27,-3.55,-4.10,5.44,14.44,10.50,4.25,—
6815,Revenue GR 5Y avg,—,12.21,14.10,16.46,3.14,0.82,9.06,8.07,-0.93,-3.42,—
6815,Revenue GR 10Y avg,—,10.62,11.04,7.41,-0.19,2.63,—,—,—,—,—
6815,NP GR,—,—,108.60,-10.69,—,-39.19,27.04,39.87,60.49,10.32,—
6815,NP GR 3Y avg,—,20.26,17.33,-8.37,—,-7.69,30.25,22.74,2.07,-10.71,—
6815,NP GR 5Y avg,—,25.15,20.01,-3.29,—,-4.10,—,—,—,—,—
6815,NP GR 10Y avg,0.0,0.0,0.0,0.0,0.0,0.0,0.0,0.0,0.0,0.0,0.0
6815,EPS GR,122.52,11.74,216.02,—,—,-75.19,-1.22,-8.19,126.12,31.85,—
6815,EPS GR 3Y avg,—,—,108.54,-10.71,—,-39.18,27.05,39.88,60.50,10.32,—
6815,EPS GR 5Y avg,—,20.25,17.32,-8.38,—,-7.67,30.26,22.75,2.07,-10.71,—
6815,EPS GR 10Y avg,—,25.15,20.00,-3.29,—,-4.09,—,—,—,—,—
6815,OCF GR,—,—,67.70,-4.50,—,—,—,—,9.37,95.20,—
6815,FCF GR,—,—,69.15,—,—,—,—,—,—,-77.27,—
6815,D/E,0.12,0.27,0.32,0.32,0.36,0.23,0.07,0.10,0.15,0.06,0.05
6815,Price,0.8250,0.8250,0.5800,0.6050,0.9250,0.8000,0.7750,0.7850,0.7800,0.5200,0.5200
6888,Year End,TTM,2020-12,2019-12,2018-12,2017-12,2016-12,2015-12,2014-12,2013-12,2012-12,2011-12
6888,Revenue,"24,221","24,193","24,583","23,886","24,402","21,565","19,883","18,712","18,371","17,652","15,227"
6888,NP,253,365,"1,458","-5,035",909,504,"2,554","2,349","2,550","2,513","2,712"
6888,EPS,0.02,0.04,0.16,-0.53,0.10,0.06,0.29,0.27,0.29,0.29,0.28
6888,DPS,0.11,0.06,0.10,0.09,0.08,0.17,0.22,0.22,0.23,0.23,0.14
6888,Div Payout,407.4,105.8,—,—,47.6,118.1,71.4,81.5,104.4,77.9,—
6888,Shares,"9,177","9,176","9,121","9,088","9,027","8,915","8,721","8,627","8,583","8,533","8,487"
6888,BVPS,1.90,1.72,1.82,2.11,2.77,2.61,2.62,2.30,2.22,2.36,2.21
6888,OCF,—,—,—,—,—,—,—,—,—,—,—
6888,FCF,"1,558","1,999","1,338","-1,241",720,208,"1,197","1,581",654,"1,375","1,127"
6888,NP Margin,1.04,1.51,5.93,-21.08,3.73,2.34,12.85,12.55,13.88,14.24,15.40
6888,ROE,1.53,2.16,8.66,-23.86,3.77,2.14,11.54,11.64,12.84,12.76,12.34
6888,Revenue GR,0.45,-1.59,2.92,-2.12,13.16,8.46,6.26,1.86,4.07,15.93,-2.52
6888,Revenue GR 3Y avg,—,-0.29,4.46,6.30,9.25,5.49,4.05,7.11,5.55,10.44,10.30
6888,Revenue GR 5Y avg,—,4.00,5.61,5.39,6.69,7.21,4.94,7.38,10.11,-0.22,-1.47
6888,Revenue GR 10Y avg,—,4.47,6.49,7.73,3.18,2.78,3.61,—,—,—,—
6888,NP GR,—,-26.23,42.45,—,-27.11,-41.74,0.54,-4.68,6.41,12.70,79.23
6888,NP GR 3Y avg,—,-32.23,-9.10,—,-18.40,-28.57,3.83,5.99,40.18,-0.92,3.33
6888,NP GR 5Y avg,—,-16.12,-1.85,—,-10.08,-14.09,11.56,—,—,—,—
6888,NP GR 10Y avg,0.0,0.0,0.0,0.0,0.0,0.0,0.0,0.0,0.0,0.0,0.0
6888,EPS GR,-61.90,-75.00,—,—,77.19,-80.55,7.72,-8.42,0.68,5.36,33.33
6888,EPS GR 3Y avg,—,-26.56,41.06,—,-28.12,-42.32,-0.23,-0.96,12.25,12.00,45.02
6888,EPS GR 5Y avg,—,-32.85,-10.07,—,-19.30,-27.27,6.89,5.31,26.47,-10.25,-7.53
6888,EPS GR 10Y avg,—,-15.28,-2.68,—,-14.89,-17.99,6.05,—,—,—,—
6888,OCF GR,—,-16.42,43.03,4.13,-15.38,7.70,12.66,-1.14,-17.39,18.18,-2.33
6888,FCF GR,—,49.34,—,—,246.30,-82.64,-24.30,141.90,-52.46,21.99,-61.91
6888,D/E,1.27,1.28,1.03,0.99,0.60,0.64,0.59,0.58,0.59,0.54,0.48
6888,Price,3.6500,3.7400,4.1400,3.9300,5.4900,4.7200,6.4100,7.0500,6.9000,6.5900,5.1400
6939,Year End,TTM,2020-09,2019-09,2018-09,2017-09,2016-09,2015-09,2014-09,2013-09,2012-09,2011-09
6939,Revenue,390,379,337,339,316,284,333,338,293,258,225
6939,NP,37,35,28,33,23,23,57,41,35,27,28
6939,EPS,0.07,0.07,0.06,0.06,0.04,0.04,0.11,0.09,0.08,0.07,0.08
6939,DPS,0.03,0.03,0.02,0.02,0.01,0.03,0.02,0.03,0.03,0.02,0.02
6939,Div Payout,37.1,32.6,32.9,32.6,32.8,32.4,26.4,28.0,42.4,23.3,23.3
6939,Shares,497,489,493,505,535,537,507,454,430,390,354
6939,BVPS,1.08,1.03,0.96,0.91,0.85,0.80,0.82,0.76,0.69,0.62,0.62
6939,OCF,49,63,—,40,-3,-7,-11,56,44,—,19
6939,FCF,44,59,-1,38,-4,-18,-63,43,42,-1,16
6939,NP Margin,9.48,9.30,8.21,9.61,7.13,8.18,16.95,12.24,11.85,10.42,12.32
6939,ROE,7.10,7.05,5.79,7.13,5.14,5.81,16.37,13.60,12.64,10.93,13.19
6939,Revenue GR,-12.69,12.20,-0.50,7.44,11.20,-14.90,-1.38,15.46,13.32,14.62,12.36
6939,Revenue GR 3Y avg,—,6.25,5.94,0.56,-2.27,-1.04,8.87,14.46,13.43,13.20,11.44
6939,Revenue GR 5Y avg,—,2.57,-0.04,2.97,4.08,4.71,10.69,13.67,12.44,16.31,19.65
6939,Revenue GR 10Y avg,—,6.55,6.59,7.60,10.02,11.93,—,—,—,—,—
6939,NP GR,—,16.07,6.08,-16.77,-18.38,-12.53,28.06,14.22,19.20,22.89,21.97
6939,NP GR 3Y avg,—,-9.04,-7.71,-1.24,-3.52,-3.53,22.52,23.34,17.78,24.51,54.24
6939,NP GR 5Y avg,—,5.56,6.69,7.85,9.61,21.98,—,—,—,—,—
6939,NP GR 10Y avg,0.0,0.0,0.0,0.0,0.0,0.0,0.0,0.0,0.0,0.0,0.0
6939,EPS GR,-23.26,27.89,-12.85,53.81,-3.00,-64.65,34.42,12.93,16.96,-12.14,35.64
6939,EPS GR 3Y avg,—,19.68,9.15,-19.21,-22.76,-18.74,21.09,5.08,11.70,16.46,6.55
6939,EPS GR 5Y avg,—,-10.08,-9.18,-4.35,-9.45,-11.23,16.17,15.84,4.45,12.65,43.76
6939,EPS GR 10Y avg,—,2.20,2.57,-0.05,1.00,12.97,—,—,—,—,—
6939,OCF GR,—,—,—,—,—,—,—,25.90,—,-97.42,37.05
6939,FCF GR,—,—,—,—,—,—,—,1.21,—,—,32.06
6939,D/E,0.09,0.11,0.10,0.13,0.22,0.24,0.22,0.01,—,—,—
6939,Price,0.5600,0.4800,0.4850,0.5000,0.5200,0.5800,1.6600,2.3600,1.5700,1.1800,0.9400
6947,Year End,TTM,2020-12,2019-12,2018-12,2017-12,2016-12,2015-12,2014-12,2013-12,2012-12,2011-12
6947,Revenue,"6,143","6,153","6,297","6,527","6,340","6,597","6,914","7,019","6,733","6,361","5,964"
6947,NP,"1,154","1,221","1,433","1,541","1,477","1,633","1,723","2,031","1,706","1,206","1,254"
6947,EPS,0.15,0.16,0.18,0.20,0.19,0.21,0.22,0.26,0.22,0.15,0.16
6947,DPS,0.15,0.16,0.18,0.19,0.19,0.21,0.24,0.26,0.17,0.22,0.15
6947,Div Payout,105.1,101.9,101.2,98.4,102.7,96.9,104.0,97.6,83.7,143.9,111.8
6947,Shares,"7,775","7,775","7,775","7,775","7,775","7,775","7,775","7,775","7,775","7,775","7,775"
6947,BVPS,0.07,0.08,0.09,0.08,0.07,0.07,0.07,0.08,0.07,0.03,0.16
6947,OCF,"2,461","2,432","2,062","2,176","2,577","1,532","2,225","2,699","2,059","2,270","2,367"
6947,FCF,"1,728","1,712","1,311","1,358","1,232",757,"1,329","1,799","1,318","1,571","1,764"
6947,NP Margin,18.78,19.84,22.75,23.61,23.29,24.75,24.91,28.94,25.33,18.96,21.03
6947,ROE,186.00,192.91,214.97,258.54,284.53,314.39,285.78,301.54,369.91,144.16,90.96
6947,Revenue GR,-0.64,-2.30,-3.52,2.94,-3.89,-4.58,-1.49,4.23,5.86,6.66,10.31
6947,Revenue GR 3Y avg,—,-1.00,-1.54,-1.90,-3.33,-0.68,2.82,5.58,7.59,9.02,7.40
6947,Revenue GR 5Y avg,—,-2.31,-2.15,-0.62,-0.06,2.04,5.04,7.41,6.94,7.83,10.30
6947,Revenue GR 10Y avg,—,1.30,2.52,3.09,3.81,6.09,9.14,—,—,—,—
6947,NP GR,—,-6.14,-4.26,-3.65,-10.08,-1.45,12.63,17.43,13.14,6.42,3.22
6947,NP GR 3Y avg,—,-6.65,-6.74,-2.02,4.14,5.41,7.90,15.21,8.38,2.56,9.26
6947,NP GR 5Y avg,—,0.36,3.66,3.05,3.35,7.32,13.85,—,—,—,—
6947,NP GR 10Y avg,0.0,0.0,0.0,0.0,0.0,0.0,0.0,0.0,0.0,0.0,0.0
6947,EPS GR,-20.14,-14.67,-7.07,4.21,-9.52,-5.41,-14.94,19.18,41.29,-3.73,6.27
6947,EPS GR 3Y avg,—,-6.16,-4.31,-3.74,-10.04,-1.39,12.72,17.47,13.07,6.39,2.73
6947,EPS GR 5Y avg,—,-6.69,-6.75,-2.00,4.16,5.46,7.94,15.19,8.08,1.81,8.43
6947,EPS GR 10Y avg,—,0.36,3.64,2.92,2.98,6.94,13.46,—,—,—,—
6947,OCF GR,—,17.97,-5.26,-15.55,68.15,-31.13,-17.56,31.09,-9.30,-4.11,2.49
6947,FCF GR,—,30.58,-3.44,10.16,62.88,-43.05,-26.16,36.53,-16.13,-10.90,5.76
6947,D/E,7.59,7.72,6.76,3.73,5.19,3.46,0.05,0.36,0.67,3.42,0.41
6947,Price,3.6400,4.1400,4.4600,4.5000,5.1000,4.8300,5.4000,6.1700,4.9600,5.2900,3.8800
6963,Year End,TTM,2020-07,2019-07,2018-07,2017-07,2016-07,2015-07,2014-07,2013-07,2012-07,2011-07
6963,Revenue,"3,944","3,243","3,978","4,089","3,281","2,176","1,937","1,715","1,164","1,202","1,027"
6963,NP,259,116,165,151,156,118,133,54,44,39,28
6963,EPS,0.07,0.03,0.05,0.04,0.05,0.04,0.05,0.02,0.02,0.02,0.01
6963,DPS,0.02,0.01,0.02,0.02,0.02,0.02,0.02,0.01,0.01,0.01,0.01
6963,Div Payout,29.7,52.6,44.3,59.5,45.1,44.9,25.9,17.6,93.1,56.3,20.7
6963,Shares,"3,877","3,765","3,600","3,521","3,163","3,045","2,688","2,269","2,265","2,266","2,298"
6963,BVPS,0.54,0.44,0.42,0.37,0.34,0.29,0.22,0.21,0.18,0.18,0.16
6963,OCF,177,323,224,217,77,136,56,46,20,34,94
6963,FCF,-68,202,107,11,-72,67,-8,-9,-12,-6,51
6963,NP Margin,6.56,3.59,4.16,3.69,4.76,5.42,6.85,3.13,3.77,3.21,2.70
6963,ROE,14.13,7.03,10.92,12.16,16.14,14.23,20.37,10.66,9.90,9.69,7.26
6963,Revenue GR,112.55,-18.48,-2.71,24.62,50.82,12.33,12.93,47.36,-3.17,17.06,28.33
6963,Revenue GR 3Y avg,—,-0.39,22.28,28.29,24.14,23.18,17.24,18.65,13.30,18.36,-0.29
6963,Revenue GR 5Y avg,—,10.86,18.33,28.57,22.24,16.20,19.34,18.80,2.36,2.26,8.65
6963,Revenue GR 10Y avg,—,15.02,18.56,14.72,11.81,12.36,—,—,—,—,—
6963,NP GR,—,-9.34,11.94,4.34,42.84,39.00,50.92,24.61,21.82,94.80,-24.11
6963,NP GR 3Y avg,—,-2.58,25.26,27.98,32.27,33.59,40.45,59.33,-7.09,-11.44,-3.07
6963,NP GR 5Y avg,—,16.97,41.27,9.05,8.23,13.79,—,—,—,—,—
6963,NP GR 10Y avg,0.0,0.0,0.0,0.0,0.0,0.0,0.0,0.0,0.0,0.0,0.0
6963,EPS GR,-461.90,-32.64,7.36,-15.42,30.68,-21.62,109.04,21.92,13.76,41.26,11.32
6963,EPS GR 3Y avg,—,-15.11,5.87,-4.67,28.89,25.94,42.59,25.13,21.39,94.13,-24.90
6963,EPS GR 5Y avg,—,-8.93,14.22,17.17,24.32,26.27,35.45,58.95,-7.40,-11.87,-3.82
6963,EPS GR 10Y avg,—,11.07,34.74,4.16,4.67,10.20,—,—,—,—,—
6963,OCF GR,—,43.79,3.42,182.17,-43.38,140.60,21.75,135.78,-42.35,-63.82,92.22
6963,FCF GR,—,88.18,894.89,—,—,—,—,—,—,—,79.18
6963,D/E,0.06,0.03,0.05,0.07,0.11,0.11,0.16,0.27,0.31,0.08,0.08
6963,Price,2.7800,1.3900,1.2000,1.6800,2.2000,1.3200,6.3500,1.9900,1.2500,1.5900,1.5500
6971,Year End,TTM,2020-06,2019-06,2018-06,2017-06,2016-06,2015-06,2014-06,2013-06,2012-06,2011-06
6971,Revenue,158,197,168,156,125,105,114,96,91,98,111
6971,NP,24,24,19,13,5,4,11,12,-1,-1,7
6971,EPS,0.08,0.08,0.06,0.04,0.02,0.01,0.04,0.04,—,—,0.02
6971,DPS,0.02,0.01,—,—,—,0.01,0.01,—,—,—,—
6971,Div Payout,25.0,13.4,—,—,—,29.5,28.0,13.4,—,—,—
6971,Shares,306,306,306,306,306,305,303,303,303,303,303
6971,BVPS,0.70,0.63,0.56,0.50,0.47,0.45,0.44,0.42,0.39,0.36,—
6971,OCF,32,13,5,22,8,7,5,11,11,10,7
6971,FCF,26,-9,-15,17,4,-8,-10,-14,—,4,-6
6971,NP Margin,15.48,12.15,11.25,8.47,3.78,4.26,9.34,12.11,-0.60,-1.31,5.89
6971,ROE,12.16,12.73,11.26,8.66,3.31,3.22,8.01,9.44,-0.48,-1.17,6.02
6971,Revenue GR,-26.76,17.10,8.06,24.10,19.74,-8.05,18.15,5.77,-7.22,-11.65,—
6971,Revenue GR 3Y avg,—,16.23,17.10,10.97,9.16,4.74,5.05,-4.65,3.68,20.55,—
6971,Revenue GR 5Y avg,—,11.57,11.77,11.29,5.00,-1.19,6.85,11.44,18.89,0.99,—
6971,Revenue GR 10Y avg,—,9.18,11.61,15.03,2.97,0.94,—,—,—,—,—
6971,NP GR,—,71.55,61.91,7.42,-25.97,—,—,21.25,—,—,—
6971,NP GR 3Y avg,—,17.60,10.13,—,—,-7.41,49.77,47.67,—,—,—
6971,NP GR 5Y avg,—,32.72,27.53,5.41,4.95,1.36,—,—,—,—,—
6971,NP GR 10Y avg,0.0,0.0,0.0,0.0,0.0,0.0,0.0,0.0,0.0,0.0,0.0
6971,EPS GR,9.67,26.50,43.42,177.85,6.16,-58.39,-8.94,—,—,—,—
6971,EPS GR 3Y avg,—,71.46,61.73,7.07,-26.18,—,—,21.24,—,—,—
6971,EPS GR 5Y avg,—,17.36,9.90,—,—,-7.55,49.70,47.66,—,—,—
6971,EPS GR 10Y avg,—,32.55,27.39,5.30,4.86,1.29,—,—,—,—,—
6971,OCF GR,—,170.75,-77.42,181.49,9.13,32.77,-50.02,1.81,4.48,39.30,—
6971,FCF GR,—,—,—,343.91,—,—,—,—,—,—,—
6971,D/E,0.15,0.11,0.10,0.05,0.06,0.07,0.07,0.09,0.02,—,—
6971,Price,4.7000,1.8300,1.5800,1.0000,1.0300,1.2300,1.1800,1.2000,0.6400,0.8400,0.7700
7006,Year End,TTM,2020-06,2019-06,2018-06,2017-06,2016-06,2015-06,2014-06,2013-06,2012-06,2011-06
7006,Revenue,834,685,730,753,786,771,710,651,494,518,501
7006,NP,52,17,19,12,69,73,78,55,24,10,12
7006,EPS,0.26,0.09,0.10,0.06,0.35,0.37,0.39,0.28,0.12,0.05,0.09
7006,DPS,0.03,0.03,0.04,—,0.06,0.06,0.04,0.03,0.01,0.01,0.02
7006,Div Payout,11.3,72.3,41.1,—,15.6,15.1,11.4,11.7,11.6,24.3,—
7006,Shares,195,195,198,198,198,198,198,198,198,198,132
7006,BVPS,3.18,2.99,2.89,2.78,2.85,2.37,1.97,1.50,1.12,1.01,—
7006,OCF,50,50,13,13,40,85,67,83,53,36,27
7006,FCF,13,9,-17,-8,6,66,34,73,48,23,-13
7006,NP Margin,6.19,2.45,2.65,1.60,8.79,9.44,10.96,8.45,4.94,1.90,2.49
7006,ROE,8.62,2.94,3.49,2.18,13.22,16.28,21.75,20.42,11.03,4.85,6.43
7006,Revenue GR,52.34,-6.14,-3.09,-4.22,2.00,8.53,9.06,31.87,-4.67,3.44,—
7006,Revenue GR 3Y avg,—,-4.49,-1.81,1.97,6.48,16.00,11.09,9.15,-0.87,9.23,—
7006,Revenue GR 5Y avg,—,-0.72,2.30,8.81,8.70,9.01,6.97,10.38,4.08,4.69,—
7006,Revenue GR 10Y avg,—,3.05,6.26,6.42,6.68,8.01,—,—,—,—,—
7006,NP GR,—,-37.59,-35.68,-46.26,7.88,43.98,99.23,64.01,-4.22,-11.11,—
7006,NP GR 3Y avg,—,-26.41,-18.86,-13.10,47.66,42.28,22.92,31.47,17.66,-0.84,—
7006,NP GR 5Y avg,—,-4.89,3.28,1.12,21.00,13.86,—,—,—,—,—
7006,NP GR 10Y avg,0.0,0.0,0.0,0.0,0.0,0.0,0.0,0.0,0.0,0.0,0.0
7006,EPS GR,327.89,-10.00,66.67,-83.11,-5.03,-6.55,41.43,125.77,147.73,-47.41,—
7006,EPS GR 3Y avg,—,-36.72,-35.58,-46.88,7.87,43.97,99.25,43.28,-4.21,-11.09,—
7006,EPS GR 5Y avg,—,-25.80,-18.78,-13.70,47.66,31.20,22.92,31.49,17.63,-0.80,—
7006,EPS GR 10Y avg,—,-4.50,3.34,0.75,21.03,13.84,—,—,—,—,—
7006,OCF GR,—,276.46,1.45,-67.51,-52.87,26.39,-18.82,56.23,45.40,33.41,—
7006,FCF GR,—,—,—,—,-91.04,94.46,-53.15,52.63,107.49,—,—
7006,D/E,0.05,0.03,0.02,0.02,0.03,0.04,0.03,0.03,0.06,0.04,0.07
7006,Price,2.0000,2.0000,3.7200,3.4400,5.2000,5.2800,5.8500,2.8900,0.9500,0.5800,0.8300
7022,Year End,TTM,2020-12,2019-12,2018-12,2017-12,2016-12,2015-12,2014-12,2013-12,2012-12,2011-12
7022,Revenue,228,227,215,327,303,214,342,354,320,289,265
7022,NP,52,51,45,70,51,26,71,64,53,41,27
7022,EPS,0.08,0.08,0.07,0.10,0.07,0.04,0.11,0.10,0.08,0.07,0.04
7022,DPS,0.03,0.03,0.03,0.03,0.03,0.03,0.04,0.04,0.04,0.04,0.04
7022,Div Payout,38.3,41.4,38.5,24.8,52.6,72.4,35.7,40.6,48.8,58.8,68.3
7022,Shares,669,669,669,668,664,659,657,655,647,631,624
7022,BVPS,0.43,0.44,0.45,0.45,0.41,0.43,0.47,0.46,0.44,0.41,0.39
7022,OCF,95,86,111,116,31,58,89,82,87,61,70
7022,FCF,77,69,94,80,-73,50,60,54,72,23,55
7022,NP Margin,23.01,22.43,20.80,21.46,16.88,12.04,20.84,18.20,16.42,14.29,10.07
7022,ROE,18.15,17.11,14.96,24.07,18.75,9.12,24.41,23.01,19.62,16.29,10.95
7022,Revenue GR,2.74,5.36,-34.19,7.83,41.82,-37.58,-3.28,10.43,10.76,9.15,-5.06
7022,Revenue GR 3Y avg,—,-9.24,0.21,-1.54,-5.04,-12.64,5.76,10.11,4.70,9.97,-1.28
7022,Revenue GR 5Y avg,—,-7.92,-9.48,0.39,0.93,-4.22,4.16,10.22,3.07,-1.61,-4.16
7022,Revenue GR 10Y avg,—,-2.07,-0.12,1.72,-0.35,-4.19,—,—,—,—,—
7022,NP GR,—,-0.22,20.24,-0.56,-7.39,-21.22,19.93,34.12,20.96,37.45,7.04
7022,NP GR 3Y avg,—,-6.56,-7.04,5.91,4.35,-0.74,19.13,32.25,19.31,6.53,-2.67
7022,NP GR 5Y avg,—,5.51,10.88,12.41,5.44,-1.71,—,—,—,—,—
7022,NP GR 10Y avg,0.0,0.0,0.0,0.0,0.0,0.0,0.0,0.0,0.0,0.0,0.0
7022,EPS GR,14.72,13.62,-36.32,36.74,96.49,-64.03,10.42,20.93,24.07,53.21,-10.89
7022,EPS GR 3Y avg,—,-0.36,19.60,-1.14,-7.94,-21.69,18.32,31.97,19.20,36.21,6.34
7022,EPS GR 5Y avg,—,-6.91,-7.44,5.23,3.20,-1.81,17.73,30.55,17.98,5.86,-3.05
7022,EPS GR 10Y avg,—,4.69,9.93,11.42,4.52,-2.43,—,—,—,—,—
7022,OCF GR,—,-22.16,-4.36,270.15,-46.30,-34.21,8.49,-5.89,42.64,-13.34,12.32
7022,FCF GR,—,-26.85,17.41,—,—,-16.12,11.20,-25.95,209.20,-57.26,—
7022,D/E,—,—,—,0.01,0.09,—,—,—,—,—,—
7022,Price,2.7500,2.7000,2.3300,1.7500,6.6000,3.4800,6.5000,4.3000,3.1700,1.4300,0.8400
7025,Year End,TTM,2018-12,2017-12,2016-12,2015-12,2014-12,2013-12,2012-12,2011-12,2010-12,2009-12
7025,Revenue,17,25,25,26,26,31,32,27,29,34,35
7025,NP,—,2,—,2,1,1,—,-1,2,—,—
7025,EPS,-0.01,0.05,—,0.05,0.01,0.04,0.01,-0.02,0.06,0.01,0.01
7025,DPS,—,—,—,—,—,—,—,—,—,—,—
7025,Div Payout,—,—,—,—,—,—,—,—,—,—,—
7025,Shares,40,40,40,40,40,40,40,40,40,40,40
7025,BVPS,0.89,1.07,1.09,1.07,1.02,1.02,0.99,0.97,0.90,—,—
7025,OCF,—,1,2,3,2,3,3,2,4,1,4
7025,FCF,—,1,1,3,1,2,3,1,3,-1,3
7025,NP Margin,-2.82,7.61,0.68,7.89,2.11,4.56,1.03,-3.62,7.29,1.05,1.40
7025,ROE,-1.12,4.26,0.39,4.93,1.35,3.57,0.85,-2.56,5.70,0.99,1.36
7025,Revenue GR,19.99,0.34,-6.14,1.00,-16.60,-1.93,16.90,-6.57,-14.02,—,—
7025,Revenue GR 3Y avg,—,-1.65,-7.53,-6.17,-1.48,2.32,-2.07,-7.79,-17.26,—,—
7025,Revenue GR 5Y avg,—,-4.90,-1.95,-2.03,-5.14,-2.11,-9.15,-8.89,-9.87,—,—
7025,Revenue GR 10Y avg,—,-7.05,-5.48,-6.04,—,—,—,—,—,—,—
7025,NP GR,—,50.74,-50.91,84.74,—,-12.49,-2.63,—,—,—,—
7025,NP GR 3Y avg,—,41.77,—,-0.46,9.07,24.04,—,—,—,—,—
7025,NP GR 5Y avg,—,—,—,—,—,—,—,—,—,—,—
7025,NP GR 10Y avg,0.0,0.0,0.0,0.0,0.0,0.0,0.0,0.0,0.0,0.0,0.0
7025,EPS GR,-27.62,—,-91.89,278.10,-61.41,332.93,—,—,495.51,—,—
7025,EPS GR 3Y avg,—,50.82,-50.91,84.86,—,-12.50,-2.69,—,—,—,—
7025,EPS GR 5Y avg,—,41.79,—,-0.46,9.01,24.02,—,—,—,—,—
7025,EPS GR 10Y avg,—,—,—,—,—,—,—,—,—,—,—
7025,OCF GR,—,-51.29,-24.24,64.69,-38.01,-8.82,43.48,-44.53,289.59,—,—
7025,FCF GR,—,-36.53,-49.32,112.61,-35.75,-28.29,171.30,-70.40,—,—,—
7025,D/E,0.01,0.01,0.02,0.01,0.02,0.03,0.03,0.06,0.07,0.10,0.04
7025,Price,0.7150,0.4400,0.7450,0.6750,0.5350,0.5850,0.4900,0.5200,0.4350,0.2800,0.3600
7029,Year End,TTM,2020-12,2019-12,2018-12,2017-12,2016-12,2015-12,2014-12,2013-12,2012-12,2011-12
7029,Revenue,136,141,204,145,116,82,74,77,69,62,67
7029,NP,11,11,16,6,4,3,3,5,5,1,2
7029,EPS,0.21,0.21,0.29,0.11,0.07,0.06,0.05,0.10,0.10,0.03,0.04
7029,DPS,0.04,0.04,0.02,0.01,0.01,0.01,0.03,—,0.02,—,0.01
7029,Div Payout,19.0,21.1,7.6,16.0,13.3,37.6,19.6,9.3,20.9,—,12.1
7029,Shares,55,55,55,55,55,55,53,50,50,50,50
7029,BVPS,2.15,2.03,1.88,1.44,1.36,1.30,1.26,1.15,1.05,1.00,0.94
7029,OCF,14,28,22,7,-3,2,6,6,8,6,5
7029,FCF,12,25,21,5,-4,1,4,3,7,5,—
7029,NP Margin,8.45,7.97,7.69,3.96,3.40,3.72,3.86,6.37,6.85,2.02,2.85
7029,ROE,10.16,10.29,15.94,6.91,5.35,4.33,4.33,8.35,9.14,2.55,3.99
7029,Revenue GR,-13.41,-30.75,40.50,25.45,40.50,10.75,-2.75,11.09,11.08,-6.73,8.53
7029,Revenue GR 3Y avg,—,6.87,35.29,24.98,14.80,6.16,6.27,4.80,3.99,5.56,16.09
7029,Revenue GR 5Y avg,—,13.69,21.68,16.09,13.30,4.39,3.97,7.74,10.14,12.70,13.29
7029,Revenue GR 10Y avg,—,8.72,14.50,13.08,13.00,8.75,—,—,—,—,—
7029,NP GR,—,41.91,72.33,26.08,-6.81,-13.39,31.88,36.92,4.74,-31.04,—
7029,NP GR 3Y avg,—,31.46,26.35,4.05,25.80,10.06,-6.91,5.01,—,—,—
7029,NP GR 5Y avg,—,10.62,15.18,—,—,—,—,—,—,—,—
7029,NP GR 10Y avg,0.0,0.0,0.0,0.0,0.0,0.0,0.0,0.0,0.0,0.0,0.0
7029,EPS GR,7.18,-28.16,172.58,45.98,28.47,4.46,-45.21,3.26,277.38,-34.15,-53.77
7029,EPS GR 3Y avg,—,41.92,72.27,25.13,-9.74,-16.08,28.76,36.90,4.73,-31.07,—
7029,EPS GR 5Y avg,—,30.85,23.95,2.08,23.43,7.99,-8.26,5.00,—,—,—
7029,EPS GR 10Y avg,—,9.57,14.08,—,—,—,—,—,—,—,—
7029,OCF GR,—,27.73,224.43,—,—,-63.04,9.62,-26.48,33.22,22.68,-39.82
7029,FCF GR,—,20.30,352.34,—,—,-68.15,9.12,-51.27,44.06,—,—
7029,D/E,0.01,0.01,0.03,0.06,0.06,0.03,0.02,0.08,0.04,0.20,0.22
7029,Price,1.7500,1.9600,2.5000,0.5750,0.6400,0.5100,0.6800,0.7300,0.5250,0.4500,0.3800
7033,Year End,TTM,2020-10,2019-10,2018-10,2017-10,2016-10,2015-10,2014-10,2013-10,2012-10,2011-10
7033,Revenue,21,19,23,25,22,19,22,21,18,21,26
7033,NP,7,2,3,4,6,3,7,6,7,2,2
7033,EPS,0.19,0.07,0.09,0.10,0.15,0.09,0.19,0.17,0.20,0.06,0.07
7033,DPS,0.03,0.03,0.04,0.04,0.05,0.02,0.05,0.04,0.04,0.05,0.01
7033,Div Payout,15.5,72.1,52.9,19.4,21.9,22.3,21.2,13.7,97.8,80.8,15.0
7033,Shares,37,37,37,37,37,37,37,37,37,37,37
7033,BVPS,2.59,2.61,2.57,2.53,2.33,2.20,2.07,1.92,1.70,1.57,1.27
7033,OCF,9,5,3,7,6,3,4,4,5,3,5
7033,FCF,8,4,2,5,6,2,3,2,4,2,4
7033,NP Margin,33.35,13.13,14.85,14.51,25.11,18.08,32.42,29.25,39.50,10.56,9.49
7033,ROE,7.33,2.54,3.59,3.91,6.41,4.20,8.93,8.56,10.85,3.92,4.77
7033,Revenue GR,72.60,-18.18,-7.97,10.82,15.96,-11.06,1.46,15.80,-14.66,-16.74,8.99
7033,Revenue GR 3Y avg,—,-5.86,5.75,4.55,1.53,1.48,0.09,-6.30,-8.17,3.45,-4.73
7033,Revenue GR 5Y avg,—,-2.96,1.31,6.07,0.67,-5.78,-1.87,1.82,-9.28,-6.43,-2.62
7033,Revenue GR 10Y avg,—,-2.42,1.56,-1.90,-2.94,-4.21,—,—,—,—,—
7033,NP GR,—,-24.15,-0.97,-20.02,-3.50,-21.80,45.46,36.38,61.86,187.62,4.07
7033,NP GR 3Y avg,—,-19.00,-11.54,-13.18,19.72,7.19,32.53,130.53,27.24,1.19,48.25
7033,NP GR 5Y avg,—,3.61,42.81,5.10,10.06,26.06,—,—,—,—,—
7033,NP GR 10Y avg,0.0,0.0,0.0,0.0,0.0,0.0,0.0,0.0,0.0,0.0,0.0
7033,EPS GR,-494.97,-27.56,-5.85,-35.98,61.16,-50.42,12.45,-14.22,219.22,-7.34,47.46
7033,EPS GR 3Y avg,—,-24.14,-0.96,-20.02,-3.50,-21.80,45.48,36.39,63.39,187.68,5.43
7033,EPS GR 5Y avg,—,-18.99,-11.54,-13.18,19.73,7.18,33.29,130.59,28.23,3.31,51.39
7033,EPS GR 10Y avg,—,3.91,42.82,5.51,11.22,27.38,—,—,—,—,—
7033,OCF GR,—,54.94,-53.08,14.04,114.89,-34.32,16.93,-21.97,75.85,-42.84,36.48
7033,FCF GR,—,61.08,-57.26,-12.24,143.70,-12.01,58.70,-55.57,143.06,-54.05,161.24
7033,D/E,0.18,0.19,0.11,0.03,0.04,0.06,0.07,0.09,0.11,0.13,0.18
7033,Price,2.0600,0.9300,0.9500,1.5100,1.1300,1.0700,1.1900,0.9400,0.9250,0.8800,0.7500
7034,Year End,TTM,2020-12,2019-12,2018-12,2017-12,2016-12,2015-12,2014-12,2013-12,2012-12,2011-12
7034,Revenue,999,961,939,862,832,743,711,740,720,631,540
7034,NP,80,75,62,44,42,56,39,17,28,27,27
7034,EPS,0.20,0.19,0.17,0.13,0.12,0.17,0.16,0.08,0.13,0.10,0.10
7034,DPS,0.07,0.07,0.04,0.04,0.03,0.07,0.02,0.05,0.03,0.02,0.02
7034,Div Payout,37.2,32.4,21.6,49.2,26.0,32.0,43.2,30.1,24.3,23.2,21.3
7034,Shares,396,392,357,338,337,328,238,221,210,270,270
7034,BVPS,1.76,1.66,1.50,1.76,1.73,1.77,1.80,1.43,1.04,0.97,0.80
7034,OCF,119,126,90,25,46,75,81,-32,20,51,11
7034,FCF,63,70,20,-22,-14,52,56,-61,4,42,-20
7034,NP Margin,7.97,7.84,6.59,5.07,5.03,7.52,5.42,2.36,3.91,4.31,5.01
7034,ROE,12.58,12.33,11.55,9.09,9.35,13.63,10.53,5.54,10.22,10.80,11.79
7034,Revenue GR,15.62,2.28,9.01,3.54,12.02,4.48,-3.95,2.77,14.11,16.88,10.52
7034,Revenue GR 3Y avg,—,4.90,8.13,6.61,3.98,1.03,4.05,11.08,13.81,15.58,-1.47
7034,Revenue GR 5Y avg,—,6.20,4.88,3.65,5.68,6.59,7.79,12.61,4.99,4.02,2.85
7034,Revenue GR 10Y avg,—,6.99,8.67,4.32,4.85,4.70,—,—,—,—,—
7034,NP GR,—,21.58,3.46,4.29,33.82,25.61,12.27,-13.53,12.49,21.53,79.87
7034,NP GR 3Y avg,—,14.35,28.75,9.16,9.01,15.62,14.24,2.89,43.41,17.78,5.11
7034,NP GR 5Y avg,—,14.29,15.10,25.12,13.31,10.24,—,—,—,—,—
7034,NP GR 10Y avg,0.0,0.0,0.0,0.0,0.0,0.0,0.0,0.0,0.0,0.0,0.0
7034,EPS GR,19.74,3.03,44.01,4.06,-26.94,5.19,104.42,-24.06,3.56,0.66,36.56
7034,EPS GR 3Y avg,—,15.58,3.07,-7.18,16.25,17.76,17.14,-7.50,12.49,21.54,79.82
7034,EPS GR 5Y avg,—,3.48,18.68,4.42,4.32,11.22,17.18,7.14,43.39,17.79,5.11
7034,EPS GR 10Y avg,—,10.12,12.76,22.36,10.85,8.12,—,—,—,—,—
7034,OCF GR,—,39.66,261.56,-45.42,-39.40,-6.58,—,—,-61.70,369.87,-70.89
7034,FCF GR,—,249.40,—,—,—,-7.90,—,—,-90.03,—,—
7034,D/E,0.08,0.09,0.09,0.07,0.04,0.03,0.04,0.06,0.03,0.04,0.01
7034,Price,2.2200,2.5300,3.3700,2.2000,4.2300,4.2300,3.1500,1.8700,2.1100,1.3400,1.1500
7035,Year End,TTM,2020-12,2019-12,2018-12,2017-12,2016-12,2015-12,2014-12,2013-06,2012-06,2011-06
7035,Revenue,659,656,651,639,616,559,494,451,418,411,377
7035,NP,35,37,33,26,28,19,14,8,11,20,18
7035,EPS,0.06,0.06,0.05,0.04,0.05,0.03,0.02,0.01,0.02,0.03,0.03
7035,DPS,0.02,0.02,0.01,0.01,0.01,0.01,0.01,—,0.01,0.01,0.01
7035,Div Payout,30.9,32.1,30.5,119.5,24.6,34.1,29.8,56.7,—,—,—
7035,Shares,627,627,628,630,630,628,626,621,624,602,651
7035,BVPS,0.49,0.46,0.43,0.41,0.39,0.36,0.26,0.24,—,—,—
7035,OCF,57,60,51,32,37,35,23,13,14,21,27
7035,FCF,37,34,26,—,14,19,4,-8,-21,-13,10
7035,NP Margin,5.38,5.71,5.09,4.04,4.62,3.37,2.73,1.84,2.59,4.79,4.76
7035,ROE,12.09,13.00,12.61,10.21,11.62,8.38,7.32,5.54,7.54,14.48,14.22
7035,Revenue GR,1.68,0.73,1.85,3.85,10.15,13.15,9.49,5.23,1.61,9.21,—
7035,Revenue GR 3Y avg,—,2.13,5.22,8.98,10.92,8.65,5.37,5.29,5.52,7.78,—
7035,Revenue GR 5Y avg,—,5.83,7.61,8.03,7.60,7.43,6.15,5.93,7.90,11.40,—
7035,Revenue GR 10Y avg,—,6.00,6.73,7.96,9.39,8.63,—,—,—,—,—
7035,NP GR,—,9.65,20.72,24.09,50.86,17.19,-10.23,-19.78,-10.51,19.60,—
7035,NP GR 3Y avg,—,22.64,31.99,17.13,6.87,0.91,-1.98,-5.83,1.36,12.92,—
7035,NP GR 5Y avg,—,9.05,10.58,9.34,9.70,7.13,—,—,—,—,—
7035,NP GR 10Y avg,0.0,0.0,0.0,0.0,0.0,0.0,0.0,0.0,0.0,0.0,0.0
7035,EPS GR,-24.81,13.26,29.10,-9.61,50.58,38.16,63.23,-16.01,-47.18,19.00,—
7035,EPS GR 3Y avg,—,9.74,20.67,23.43,50.31,17.00,-11.06,-18.72,-8.22,24.17,—
7035,EPS GR 5Y avg,—,22.42,31.70,16.88,6.02,1.58,-0.54,-4.46,-17.27,5.65,—
7035,EPS GR 10Y avg,—,9.79,11.30,-0.84,5.84,3.33,—,—,—,—,—
7035,OCF GR,—,18.17,58.74,-14.87,5.32,52.10,79.13,-4.19,-32.96,-21.82,—
7035,FCF GR,—,30.20,—,—,-23.24,367.49,—,—,—,—,—
7035,D/E,0.08,0.08,0.06,0.02,0.01,0.01,0.01,0.02,0.02,0.02,0.03
7035,Price,0.6800,0.6250,0.5250,0.3950,1.1000,0.6700,1.0200,0.8400,0.8550,0.9500,0.8900
7047,Year End,TTM,2020-06,2019-06,2018-06,2017-06,2016-06,2015-06,2014-06,2013-06,2012-06,2011-06
7047,Revenue,134,235,333,396,453,424,388,314,213,141,181
7047,NP,27,32,14,17,39,11,-3,3,4,-21,14
7047,EPS,0.07,0.09,0.04,0.05,0.11,0.03,-0.01,0.01,0.02,-0.12,0.07
7047,DPS,0.02,0.01,0.01,0.01,0.01,0.01,0.01,—,—,—,0.06
7047,Div Payout,23.6,14.5,258.6,19.9,21.3,165.6,—,—,—,79.6,—
7047,Shares,369,371,373,384,363,335,308,225,195,186,186
7047,BVPS,0.96,0.84,0.75,0.77,0.70,0.59,0.66,0.74,0.74,0.82,—
7047,OCF,19,70,74,20,83,-9,-46,-4,-31,-14,7
7047,FCF,12,67,58,8,54,-10,-46,-8,-33,-83,2
7047,NP Margin,20.42,13.83,4.32,4.41,8.56,2.53,-0.67,0.97,1.96,-15.13,7.51
7047,ROE,8.21,10.74,4.96,6.31,15.62,4.95,-1.42,1.98,2.99,-15.24,9.81
7047,Revenue GR,-31.72,-29.61,-15.75,-12.73,6.94,9.39,23.58,47.08,51.56,-22.30,—
7047,Revenue GR 3Y avg,—,-19.71,-7.70,0.69,13.07,25.75,40.18,20.09,8.71,-8.67,—
7047,Revenue GR 5Y avg,—,-9.55,1.23,13.16,26.37,18.55,18.49,11.18,19.47,2.69,—
7047,Revenue GR 10Y avg,—,3.52,6.08,16.27,13.91,11.39,—,—,—,—,—
7047,NP GR,—,-5.79,10.30,—,134.02,37.02,—,-39.41,-44.59,—,—
7047,NP GR 3Y avg,—,—,36.64,33.13,—,-4.61,—,-30.03,-21.77,—,—
7047,NP GR 5Y avg,—,2.83,-2.22,2.05,17.60,-2.08,—,—,—,—,—
7047,NP GR 10Y avg,0.0,0.0,0.0,0.0,0.0,0.0,0.0,0.0,0.0,0.0,0.0
7047,EPS GR,107.78,126.10,-14.95,-57.44,233.02,—,—,-32.76,—,—,—
7047,EPS GR 3Y avg,—,-6.46,6.43,—,95.13,14.47,—,-41.88,-46.01,—,—
7047,EPS GR 5Y avg,—,—,21.88,16.28,—,-15.22,—,-32.58,-32.71,—,—
7047,EPS GR 10Y avg,—,-4.31,-9.35,-11.55,1.92,-14.36,—,—,—,—,—
7047,OCF GR,—,-5.53,271.10,-76.00,—,—,—,—,—,—,—
7047,FCF GR,—,15.17,625.91,-84.99,—,—,—,—,—,—,—
7047,D/E,0.01,0.01,0.03,0.11,0.13,0.25,0.16,0.25,0.30,0.34,—
7047,Price,0.7450,0.3050,0.4150,0.3850,0.9800,0.5500,0.4400,0.5700,0.6300,0.8600,1.0500
7048,Year End,TTM,2020-02,2019-02,2018-02,2017-02,2016-02,2015-02,2014-02,2013-02,2012-02,2011-02
7048,Revenue,478,835,775,826,809,768,731,758,733,722,745
7048,NP,-35,6,40,49,55,43,46,206,76,115,30
7048,EPS,-0.14,0.02,0.16,0.19,0.21,0.17,0.18,0.81,0.30,0.46,0.12
7048,DPS,0.15,0.10,0.20,0.21,0.23,0.17,0.35,0.25,0.22,0.09,0.12
7048,Div Payout,—,204.2,83.9,151.1,59.0,152.0,151.4,58.5,19.8,19.8,—
7048,Shares,254,254,254,254,254,254,254,254,253,252,249
7048,BVPS,1.73,2.03,2.13,1.93,1.94,1.52,1.61,1.88,1.57,1.51,—
7048,OCF,2,63,49,123,136,28,161,-53,54,47,67
7048,FCF,-23,38,39,112,120,18,149,-70,32,29,48
7048,NP Margin,-7.25,0.72,5.15,5.93,6.74,5.61,6.36,27.22,10.38,15.90,4.05
7048,ROE,-7.27,1.18,7.59,9.68,12.43,10.83,11.03,48.78,19.39,32.78,9.25
7048,Revenue GR,-60.91,7.79,-6.22,2.09,5.39,5.12,-3.65,3.49,1.49,-3.05,—
7048,Revenue GR 3Y avg,—,1.05,0.30,4.19,2.20,1.58,0.40,0.60,1.72,5.49,—
7048,Revenue GR 5Y avg,—,2.71,0.43,2.43,2.31,0.62,0.97,4.28,—,40.01,—
7048,Revenue GR 10Y avg,—,1.84,2.34,—,19.69,20.90,—,—,—,—,—
7048,NP GR,—,-52.06,-2.53,1.81,-35.83,-17.25,-26.03,89.82,-5.36,37.18,—
7048,NP GR 3Y avg,—,-33.58,-28.02,-8.40,-13.83,7.38,-12.33,35.94,84.21,—,—
7048,NP GR 5Y avg,—,-23.69,-1.08,29.90,—,11.79,—,—,—,—,—
7048,NP GR 10Y avg,0.0,0.0,0.0,0.0,0.0,0.0,0.0,0.0,0.0,0.0,0.0
7048,EPS GR,-200.32,-84.93,-18.62,-10.09,26.55,-7.26,-77.47,171.00,-34.15,276.23,—
7048,EPS GR 3Y avg,—,-52.05,-2.54,1.80,-35.81,-17.26,-26.19,88.65,-8.96,33.02,—
7048,EPS GR 5Y avg,—,-33.57,-28.00,-8.42,-13.95,7.01,-14.35,33.25,75.54,—,—
7048,EPS GR 10Y avg,—,-24.57,-2.05,26.79,—,8.87,—,—,—,—,—
7048,OCF GR,—,27.51,-59.89,-10.05,385.88,-82.56,—,—,14.54,-29.57,—
7048,FCF GR,—,-2.31,-64.99,-6.76,576.92,-88.04,—,—,9.78,-38.74,—
7048,D/E,0.25,0.21,0.06,0.08,0.11,0.17,0.04,0.16,0.24,0.31,0.76
7048,Price,3.4300,3.4300,4.0300,4.4000,4.6500,4.8300,4.3700,4.3700,4.7700,4.7400,4.9800
7050,Year End,TTM,2020-10,2019-10,2018-10,2017-10,2016-10,2015-10,2014-10,2013-10,2012-10,2011-10
7050,Revenue,92,71,61,60,43,33,30,27,30,33,38
7050,NP,7,3,6,9,6,1,-3,-5,-3,—,—
7050,EPS,0.06,0.03,0.05,0.07,0.05,0.01,-0.03,-0.05,-0.03,—,—
7050,DPS,0.01,0.02,0.01,0.02,—,—,—,—,—,—,—
7050,Div Payout,19.4,25.4,177.9,18.0,—,—,—,—,—,—,—
7050,Shares,111,112,113,114,114,114,114,114,112,112,112
7050,BVPS,0.66,0.63,0.58,0.57,0.50,0.47,0.47,0.50,0.55,0.56,0.55
7050,OCF,9,6,10,9,5,3,1,-1,3,3,8
7050,FCF,7,3,8,9,4,3,—,-2,1,1,6
7050,NP Margin,7.80,4.46,9.50,14.35,14.32,2.16,-11.60,-19.30,-11.15,0.88,0.37
7050,ROE,10.21,4.58,8.63,13.87,10.79,1.34,-6.29,-8.84,-5.42,0.46,0.22
7050,Revenue GR,110.99,16.32,0.75,41.55,29.08,11.69,11.07,-11.24,-9.35,-12.03,-6.36
7050,Revenue GR 3Y avg,—,18.38,22.56,26.84,16.99,3.26,-3.68,-10.88,-9.28,3.43,-2.74
7050,Revenue GR 5Y avg,—,19.05,17.96,15.01,5.20,-2.57,-5.94,-2.30,-6.01,-3.48,0.43
7050,Revenue GR 10Y avg,—,5.82,7.35,3.97,0.77,-1.08,—,—,—,—,—
7050,NP GR,—,-19.77,100.79,—,—,—,—,—,—,—,-54.04
7050,NP GR 3Y avg,—,—,—,—,83.77,38.43,—,—,—,-28.99,-41.40
7050,NP GR 5Y avg,—,—,—,19.61,14.24,-9.93,—,—,—,—,—
7050,NP GR 10Y avg,0.0,0.0,0.0,0.0,0.0,0.0,0.0,0.0,0.0,0.0,0.0
7050,EPS GR,—,-44.62,-32.69,42.07,745.57,—,—,—,—,100.00,—
7050,EPS GR 3Y avg,—,-19.10,100.71,—,—,—,—,—,—,—,-53.68
7050,EPS GR 5Y avg,—,—,—,—,83.62,37.63,—,—,—,-29.21,-41.12
7050,EPS GR 10Y avg,—,—,—,19.41,14.01,-9.98,—,—,—,—,—
7050,OCF GR,—,-41.34,8.09,70.67,77.47,115.84,—,—,6.65,-60.87,—
7050,FCF GR,—,-67.47,-4.23,106.21,52.44,737.53,—,—,20.66,-79.31,—
7050,D/E,0.19,0.22,0.26,0.01,0.03,0.05,0.05,0.05,0.07,0.05,0.01
7050,Price,0.8650,0.7400,0.4700,0.8800,1.3600,0.6600,0.5300,0.5850,0.5950,0.2200,0.2200
7052,Year End,TTM,2020-06,2019-06,2018-06,2017-06,2016-06,2015-06,2014-06,2013-06,2012-06,2011-06
7052,Revenue,994,"1,355","1,783","1,679","1,571","1,301",978,866,790,723,568
7052,NP,27,75,160,178,157,137,80,91,85,96,76
7052,EPS,0.04,0.11,0.24,0.27,0.24,0.21,0.12,0.14,0.13,0.14,0.12
7052,DPS,—,0.07,0.10,0.10,0.10,0.10,0.10,0.10,0.08,0.06,0.06
7052,Div Payout,—,44.9,40.3,41.0,42.4,55.7,86.8,66.4,61.3,47.8,—
7052,Shares,658,658,658,658,658,658,658,658,658,658,658
7052,BVPS,1.23,1.19,1.08,0.94,0.82,0.70,0.61,0.59,0.56,0.51,—
7052,OCF,210,153,127,151,221,176,192,52,162,24,-2
7052,FCF,205,141,99,99,172,143,149,10,145,-3,-27
7052,NP Margin,2.69,5.55,8.98,10.61,10.02,10.56,8.20,10.49,10.82,13.27,13.32
7052,ROE,3.36,9.98,22.99,29.57,30.83,31.42,20.23,23.93,23.98,30.83,29.28
7052,Revenue GR,-24.31,-24.02,6.21,6.88,20.71,33.06,12.89,9.72,9.14,27.25,—
7052,Revenue GR 3Y avg,—,-4.81,11.07,19.74,21.94,18.12,10.57,15.07,14.87,15.01,—
7052,Revenue GR 5Y avg,—,6.74,15.53,16.29,16.77,18.01,13.43,12.75,15.55,17.95,—
7052,Revenue GR 10Y avg,—,10.03,14.13,15.92,17.36,16.35,—,—,—,—,—
7052,NP GR,—,-21.83,5.25,30.47,20.07,17.18,-5.81,6.30,11.88,24.68,—
7052,NP GR 3Y avg,—,-1.29,11.99,15.85,10.39,12.66,5.64,12.91,15.41,25.04,—
7052,NP GR 5Y avg,—,2.12,12.45,15.63,17.49,17.37,—,—,—,—,—
7052,NP GR 10Y avg,0.0,0.0,0.0,0.0,0.0,0.0,0.0,0.0,0.0,0.0,0.0
7052,EPS GR,-26.88,-53.04,-10.12,13.21,14.56,71.29,-11.79,6.47,-11.04,26.81,—
7052,EPS GR 3Y avg,—,-21.82,5.24,30.48,20.07,17.17,-5.81,6.30,11.88,24.67,—
7052,EPS GR 5Y avg,—,-1.28,11.99,15.84,10.39,12.66,5.63,12.92,15.40,43.22,—
7052,EPS GR 10Y avg,—,2.12,12.45,15.62,25.74,25.33,—,—,—,—,—
7052,OCF GR,—,20.05,-15.79,-31.70,25.65,-8.29,269.25,-67.85,570.77,—,—
7052,FCF GR,—,41.92,0.19,-42.59,20.48,-3.70,—,-93.23,—,—,—
7052,D/E,0.41,0.56,—,0.01,0.01,0.02,0.03,0.04,0.05,0.06,0.08
7052,Price,3.0000,2.4900,3.6200,5.9700,3.5200,2.3700,1.3300,1.9700,1.8900,1.8400,1.0600
7053,Year End,TTM,2020-03,2019-03,2018-03,2017-03,2016-03,2015-03,2014-03,2013-03,2012-03,2011-03
7053,Revenue,75,96,96,94,88,82,88,84,94,132,135
7053,NP,-7,-7,-5,1,-1,11,—,—,-2,-11,1
7053,EPS,-0.09,-0.08,-0.06,0.01,-0.02,0.23,0.01,0.01,-0.05,-0.03,0.02
7053,DPS,0.01,—,0.01,0.02,0.02,0.04,—,—,—,0.05,0.05
7053,Div Payout,—,—,—,—,—,19.7,—,—,—,296.7,—
7053,Shares,80,80,80,59,52,48,51,51,44,41,40
7053,BVPS,0.89,0.99,1.04,1.12,1.35,1.47,1.15,1.14,1.03,1.11,—
7053,OCF,8,3,12,-4,3,7,8,10,5,12,11
7053,FCF,5,1,5,-7,—,3,2,5,3,10,7
7053,NP Margin,-9.94,-6.93,-4.76,0.90,-0.97,13.52,0.47,0.33,-2.25,-8.38,0.54
7053,ROE,-9.90,-8.41,-5.36,1.10,-1.27,17.34,0.70,0.47,-4.25,-23.60,1.39
7053,Revenue GR,-18.18,-0.27,2.11,6.80,7.30,-6.51,4.12,-10.67,-28.46,-2.71,—
7053,Revenue GR 3Y avg,—,2.84,5.38,2.32,1.46,-4.55,-12.70,-14.65,-1.41,7.16,—
7053,Revenue GR 5Y avg,—,1.76,2.64,-0.07,-7.77,-9.56,-2.28,-4.69,-4.97,6.60,—
7053,Revenue GR 10Y avg,—,-0.28,-1.10,-2.55,-0.84,0.05,—,—,—,—,—
7053,NP GR,—,—,—,27.17,—,—,—,-27.85,—,—,—
7053,NP GR 3Y avg,—,—,—,—,—,72.05,-19.72,-35.91,—,—,—
7053,NP GR 5Y avg,—,—,—,-16.04,—,—,—,—,—,—,—
7053,NP GR 10Y avg,0.0,0.0,0.0,0.0,0.0,0.0,0.0,0.0,0.0,0.0,0.0
7053,EPS GR,-47.58,—,—,—,—,—,49.06,—,—,—,—
7053,EPS GR 3Y avg,—,—,—,21.87,—,—,—,-33.72,—,—,—
7053,EPS GR 5Y avg,—,—,—,—,—,63.57,-23.77,-39.16,—,—,—
7053,EPS GR 10Y avg,—,—,—,-19.14,—,—,—,—,—,—,—
7053,OCF GR,—,-75.44,—,—,-61.84,-17.94,-11.68,95.65,-58.73,7.56,—
7053,FCF GR,—,-81.12,—,—,—,45.86,-49.56,51.48,-68.72,50.15,—
7053,D/E,0.30,0.33,0.23,0.10,0.10,0.13,0.18,0.20,0.18,0.38,0.17
7053,Price,1.5000,1.5000,0.8400,0.9100,1.3000,1.0500,1.1200,0.9100,0.7100,0.5800,0.8100
7060,Year End,TTM,2020-12,2019-12,2018-12,2017-12,2016-12,2015-12,2014-12,2013-12,2012-12,2011-12
7060,Revenue,251,242,276,257,251,232,207,201,211,217,216
7060,NP,22,12,15,14,20,30,19,12,20,23,20
7060,EPS,0.27,0.14,0.18,0.17,0.25,0.36,0.23,0.14,0.24,0.28,0.24
7060,DPS,0.10,0.10,0.10,0.10,0.10,0.10,0.09,0.10,0.10,0.10,0.10
7060,Div Payout,37.1,99.4,51.4,49.5,37.0,33.1,46.4,78.7,37.9,36.3,30.3
7060,Shares,83,83,83,83,83,83,83,83,83,83,83
7060,BVPS,5.73,5.58,5.59,5.19,4.57,4.43,3.94,3.79,3.82,3.66,3.02
7060,OCF,59,56,49,51,46,40,43,42,65,37,47
7060,FCF,39,33,23,12,-11,2,9,14,-3,3,25
7060,NP Margin,8.86,4.78,5.39,5.45,8.11,12.93,9.29,5.97,9.57,10.47,9.19
7060,ROE,4.78,2.48,3.23,3.17,5.09,8.54,5.97,3.81,6.54,7.69,7.35
7060,Revenue GR,17.14,-12.51,7.43,2.56,8.07,11.90,3.31,-4.75,-3.16,0.88,-3.10
7060,Revenue GR 3Y avg,—,-1.21,5.99,7.44,7.70,3.26,-1.60,-2.37,-1.81,2.27,8.47
7060,Revenue GR 5Y avg,—,3.12,6.60,4.06,2.88,1.47,-1.41,-0.27,4.51,6.77,6.56
7060,Revenue GR 10Y avg,—,0.83,3.11,4.29,4.80,3.98,—,—,—,—,—
7060,NP GR,—,-17.16,-20.85,-10.05,19.29,14.18,-5.43,-15.44,-9.58,1.18,2.71
7060,NP GR 3Y avg,—,-9.70,4.43,-7.01,-2.24,8.65,-6.72,-11.43,1.97,-0.21,-5.94
7060,NP GR 5Y avg,—,-8.22,-3.83,-2.63,-1.23,1.09,—,—,—,—,—
7060,NP GR 10Y avg,0.0,0.0,0.0,0.0,0.0,0.0,0.0,0.0,0.0,0.0,0.0
7060,EPS GR,-304.23,-22.29,6.20,-31.11,-32.21,55.80,60.77,-40.58,-11.49,14.95,-27.33
7060,EPS GR 3Y avg,—,-17.16,-20.84,-10.06,19.30,14.17,-5.44,-15.44,-9.57,1.18,2.71
7060,EPS GR 5Y avg,—,-9.70,4.43,-7.02,-2.24,8.65,-6.72,-11.44,1.97,-0.21,-5.94
7060,EPS GR 10Y avg,—,-8.22,-3.83,-2.63,-1.23,1.09,—,—,—,—,—
7060,OCF GR,—,13.37,-4.55,11.83,13.66,-6.26,3.66,-35.72,74.96,-21.42,24.91
7060,FCF GR,—,43.71,93.28,—,—,-72.57,-38.27,—,—,-87.92,—
7060,D/E,—,—,0.01,0.02,0.03,—,—,0.01,0.03,0.02,0.03
7060,Price,0.0000,2.2000,2.6900,2.7000,3.3800,3.2400,2.8000,2.5500,2.8800,2.3400,2.3000
7062,Year End,TTM,2020-12,2019-12,2018-12,2017-12,2016-12,2015-12,2014-12,2013-12,2012-12,2011-12
7062,Revenue,536,479,363,349,331,356,338,319,325,289,242
7062,NP,21,29,2,2,2,10,6,12,16,11,8
7062,EPS,0.52,0.71,0.05,0.04,0.04,0.24,0.15,0.30,0.41,0.26,0.20
7062,DPS,0.10,0.10,—,0.01,—,0.10,0.07,0.10,0.10,0.06,0.16
7062,Div Payout,19.3,—,—,17.2,—,68.5,50.7,—,37.7,22.7,24.0
7062,Shares,40,40,40,40,40,40,40,40,40,40,40
7062,BVPS,4.05,3.86,3.29,3.26,3.23,3.26,3.13,2.82,2.51,2.27,1.91
7062,OCF,4,5,24,-5,9,15,9,11,12,12,14
7062,FCF,2,—,17,-8,4,9,3,6,4,11,5
7062,NP Margin,3.86,5.95,0.51,0.45,0.48,2.75,1.83,3.81,5.00,3.68,3.25
7062,ROE,13.50,19.77,1.42,1.22,1.24,7.79,5.25,11.20,16.67,12.28,9.93
7062,Revenue GR,69.64,31.88,4.16,5.32,-7.08,5.48,5.87,-1.84,12.63,19.33,23.38
7062,Revenue GR 3Y avg,—,13.10,0.64,1.07,1.24,3.11,5.38,9.67,18.36,16.27,9.27
7062,Revenue GR 5Y avg,—,7.24,2.63,1.42,2.79,8.06,11.50,11.69,11.89,12.57,9.68
7062,Revenue GR 10Y avg,—,9.35,7.06,6.52,7.56,8.87,—,—,—,—,—
7062,NP GR,—,161.57,-42.44,-36.56,-49.21,-15.53,-16.48,15.63,24.97,9.58,0.89
7062,NP GR 3Y avg,—,35.77,-31.26,-37.26,-31.56,4.46,-5.77,8.57,16.21,20.13,22.47
7062,NP GR 5Y avg,—,13.11,-13.61,-14.61,-9.33,13.11,—,—,—,—,—
7062,NP GR 10Y avg,0.0,0.0,0.0,0.0,0.0,0.0,0.0,0.0,0.0,0.0,0.0
7062,EPS GR,-63.55,—,18.27,-1.01,-83.71,58.33,-49.18,-25.09,53.06,34.83,-5.40
7062,EPS GR 3Y avg,—,161.50,-42.44,-36.56,-49.20,-15.53,-16.48,15.63,24.98,9.59,0.90
7062,EPS GR 5Y avg,—,35.76,-31.26,-37.26,-31.55,4.46,-5.76,8.58,16.21,20.14,22.46
7062,EPS GR 10Y avg,—,13.11,-13.61,-14.61,-9.31,13.11,—,—,—,—,—
7062,OCF GR,—,-79.18,—,—,-42.12,75.39,-19.20,-6.20,-6.90,-12.71,207.35
7062,FCF GR,—,-99.78,—,—,-53.96,228.60,-59.47,84.42,-67.98,137.24,—
7062,D/E,0.16,0.17,0.23,0.25,0.26,0.27,0.25,0.26,0.22,0.24,0.27
7062,Price,3.2600,2.9300,1.5300,1.6900,2.0200,2.2000,2.2100,2.1000,2.4800,1.3900,1.4500
7076,Year End,TTM,2020-12,2019-12,2018-12,2017-12,2016-12,2015-12,2014-12,2013-12,2012-12,2011-12
7076,Revenue,590,540,452,478,704,578,541,601,590,522,323
7076,NP,61,55,36,41,51,102,98,91,98,240,105
7076,EPS,0.13,0.11,0.07,0.04,0.10,0.19,0.18,0.17,0.18,0.45,0.26
7076,DPS,0.02,0.02,0.04,0.05,0.03,0.06,0.09,0.03,0.05,0.25,—
7076,Div Payout,16.0,21.1,105.8,58.6,32.8,32.0,40.2,25.1,25.8,118.8,20.1
7076,Shares,486,488,538,531,533,524,530,531,531,537,403
7076,BVPS,1.55,1.48,1.45,1.47,1.43,1.31,1.22,1.10,0.98,0.90,0.52
7076,OCF,51,33,72,53,—,69,97,149,73,43,120
7076,FCF,26,8,13,-53,-68,24,49,92,-36,13,110
7076,NP Margin,10.37,10.15,7.85,8.63,7.30,17.59,18.10,15.18,16.67,45.93,32.42
7076,ROE,8.29,7.45,4.85,5.65,7.09,14.59,15.46,16.16,19.41,55.40,31.27
7076,Revenue GR,45.63,19.42,-5.35,-32.10,21.83,6.76,-9.92,1.77,13.17,61.72,-8.20
7076,Revenue GR 3Y avg,—,-8.44,-7.83,-4.05,5.42,-0.71,1.23,23.04,18.88,16.32,-7.67
7076,Revenue GR 5Y avg,—,-0.03,-5.52,-4.13,6.18,12.37,9.02,12.63,7.57,12.48,7.11
7076,Revenue GR 10Y avg,—,4.40,3.16,1.55,9.28,9.71,—,—,—,—,—
7076,NP GR,—,2.20,-29.58,-25.03,-17.39,1.08,-25.78,-4.47,14.06,81.04,19.90
7076,NP GR 3Y avg,—,-10.95,-17.20,-15.95,-26.50,-0.57,8.12,17.70,10.15,38.78,27.52
7076,NP GR 5Y avg,—,-1.88,-1.28,-3.78,1.00,12.60,—,—,—,—,—
7076,NP GR 10Y avg,0.0,0.0,0.0,0.0,0.0,0.0,0.0,0.0,0.0,0.0,0.0
7076,EPS GR,54.03,69.70,-15.38,-18.75,-50.52,4.86,7.56,-7.03,-68.75,199.75,66.90
7076,EPS GR 3Y avg,—,5.27,-30.19,-25.02,-17.67,1.60,-32.14,-4.50,16.06,102.82,23.25
7076,EPS GR 5Y avg,—,-9.55,-17.43,-15.86,-30.50,-0.36,9.35,19.37,11.89,49.05,29.47
7076,EPS GR 10Y avg,—,-0.55,-0.72,-2.97,1.78,13.58,—,—,—,—,—
7076,OCF GR,—,-54.32,36.45,—,—,-28.96,-34.94,103.08,71.48,-64.22,28.66
7076,FCF GR,—,-42.21,—,—,—,-51.60,-46.68,—,—,-88.45,107.68
7076,D/E,0.18,0.17,0.19,0.13,0.02,0.02,0.02,0.03,—,—,0.01
7076,Price,1.2500,1.1100,1.1000,1.0000,1.8000,1.9700,2.0500,2.0100,3.2100,2.7300,2.2100
7081,Year End,TTM,2020-12,2019-12,2018-12,2017-12,2016-12,2015-12,2014-12,2013-12,2012-12,2011-12
7081,Revenue,"2,699","2,725","2,821","2,385","2,324","2,189","2,189","2,123","1,947","1,812","1,521"
7081,NP,28,27,-149,42,54,46,84,94,55,62,52
7081,EPS,0.02,0.02,-0.11,0.03,0.04,0.04,0.06,0.07,0.04,0.05,0.04
7081,DPS,0.02,0.02,0.02,0.04,0.03,0.04,0.07,0.04,0.03,0.04,0.01
7081,Div Payout,102.0,—,119.9,87.1,125.3,103.8,84.0,57.1,155.7,87.7,—
7081,Shares,"1,309","1,309","1,309","1,304","1,301","1,299","1,294","1,294","1,294","1,294","1,294"
7081,BVPS,0.27,0.26,0.40,0.40,0.41,0.41,0.41,0.39,0.37,0.36,—
7081,OCF,—,—,—,—,—,—,—,—,—,—,—
7081,FCF,-69,-58,117,-154,161,-78,-110,127,171,-62,-108
7081,NP Margin,1.05,1.01,-5.29,1.78,2.32,2.08,3.84,4.42,2.84,3.41,3.43
7081,ROE,7.99,8.14,-35.23,8.19,10.17,8.60,15.92,18.51,11.50,13.12,11.71
7081,Revenue GR,-3.22,-3.38,18.26,2.62,6.16,-0.01,3.13,9.06,7.41,19.16,10.67
7081,Revenue GR 3Y avg,—,5.45,8.82,2.89,3.06,3.99,6.50,11.76,12.31,11.82,5.39
7081,Revenue GR 5Y avg,—,4.48,5.85,4.15,5.10,7.55,9.76,10.37,8.42,9.07,7.74
7081,Revenue GR 10Y avg,—,7.09,8.08,6.26,7.06,7.65,—,—,—,—,—
7081,NP GR,—,-20.07,—,-20.35,-16.92,-6.17,10.85,21.63,22.02,0.83,-4.58
7081,NP GR 3Y avg,—,-20.03,—,-5.11,-2.70,-2.65,22.57,9.29,-1.66,4.26,33.11
7081,NP GR 5Y avg,—,-1.00,—,-3.40,0.72,13.83,—,—,—,—,—
7081,NP GR 10Y avg,0.0,0.0,0.0,0.0,0.0,0.0,0.0,0.0,0.0,0.0,0.0
7081,EPS GR,3.40,—,—,-21.27,17.96,-45.96,-10.46,70.03,-10.56,18.32,71.65
7081,EPS GR 3Y avg,—,-20.24,—,-20.53,-17.05,-6.30,10.84,21.63,22.02,0.83,-4.58
7081,EPS GR 5Y avg,—,-20.21,—,-5.24,-2.79,-2.73,22.56,9.29,-1.67,4.26,33.11
7081,EPS GR 10Y avg,—,-1.11,—,-3.47,0.67,13.78,—,—,—,—,—
7081,OCF GR,—,—,—,—,575.62,384.16,-96.57,-14.74,—,—,—
7081,FCF GR,—,—,—,—,—,—,—,-25.32,—,—,—
7081,D/E,—,—,0.01,—,—,—,—,—,—,—,—
7081,Price,3.2600,5.0000,2.0600,2.7800,4.6000,5.3000,6.3600,4.5800,4.4500,8.1000,5.3600
7082,Year End,TTM,2020-07,2019-07,2018-07,2017-07,2016-07,2015-07,2014-07,2013-07,2012-07,2011-07
7082,Revenue,332,133,242,256,453,453,316,277,220,199,156
7082,NP,-1,-20,-44,-14,35,38,25,22,12,51,-2
7082,EPS,—,-0.03,-0.07,-0.02,0.06,0.06,0.04,0.03,0.02,0.12,-0.01
7082,DPS,0.01,—,0.01,0.01,0.01,—,—,—,—,—,—
7082,Div Payout,—,—,—,—,16.2,—,—,—,—,—,—
7082,Shares,565,583,605,621,619,619,618,580,548,440,168
7082,BVPS,0.38,0.40,0.46,0.50,0.50,0.44,0.38,0.33,0.28,0.28,0.16
7082,OCF,89,-41,11,24,28,12,-27,12,6,-9,5
7082,FCF,90,-44,10,1,-7,-7,-54,-10,-5,-11,5
7082,NP Margin,-0.43,-15.10,-18.23,-5.52,7.70,8.43,7.77,7.83,5.40,25.54,-1.43
7082,ROE,-0.65,-8.80,-16.44,-4.58,11.61,14.64,11.46,12.34,7.56,58.19,-8.54
7082,Revenue GR,699.06,-45.04,-5.45,-43.56,-0.01,43.32,14.11,26.16,10.62,27.18,-9.45
7082,Revenue GR 3Y avg,—,-33.56,-18.89,-6.83,17.81,27.31,16.78,21.08,8.41,1.38,-12.10
7082,Revenue GR 5Y avg,—,-15.92,-2.69,3.09,17.94,23.76,12.90,7.78,-0.90,-4.21,-2.00
7082,Revenue GR 10Y avg,—,-2.57,2.41,1.07,6.29,10.12,—,—,—,—,—
7082,NP GR,—,—,—,—,17.17,47.72,-21.45,—,—,—,—
7082,NP GR 3Y avg,—,—,—,—,-7.20,—,—,—,—,—,—
7082,NP GR 5Y avg,—,—,—,—,—,41.93,—,—,—,—,—
7082,NP GR 10Y avg,0.0,0.0,0.0,0.0,0.0,0.0,0.0,0.0,0.0,0.0,0.0
7082,EPS GR,-149.49,—,—,—,-9.68,55.00,2.56,81.40,-81.30,—,—
7082,EPS GR 3Y avg,—,—,—,—,12.82,42.34,-29.67,—,—,—,—
7082,EPS GR 5Y avg,—,—,—,—,-13.40,—,—,—,—,—,—
7082,EPS GR 10Y avg,—,—,—,—,—,24.62,—,—,—,—,—
7082,OCF GR,—,—,-55.15,-13.52,140.58,—,—,108.13,—,—,357.43
7082,FCF GR,—,—,949.74,—,—,—,—,—,—,—,357.43
7082,D/E,0.15,0.23,0.05,0.07,0.07,0.17,0.15,0.15,0.12,0.05,0.02
7082,Price,0.4100,0.1300,0.1950,0.3000,0.5000,0.5600,0.5200,1.1800,0.6000,0.4500,0.3200
7083,Year End,TTM,2020-04,2019-04,2018-04,2017-04,2016-04,2015-04,2014-04,2013-04,2012-04,2011-04
7083,Revenue,108,111,130,138,150,155,142,140,147,120,138
7083,NP,13,7,4,9,11,13,7,10,10,15,18
7083,EPS,0.12,0.07,0.04,0.08,0.10,0.12,0.06,0.08,0.08,0.12,0.15
7083,DPS,0.02,0.02,0.02,0.01,0.02,0.01,0.01,0.02,0.03,0.03,0.03
7083,Div Payout,16.5,40.9,6.6,19.6,14.5,14.2,37.2,29.5,26.6,20.2,—
7083,Shares,109,109,110,112,112,112,114,115,116,118,118
7083,BVPS,2.50,2.48,2.26,2.22,2.06,1.98,1.88,1.51,1.44,1.32,—
7083,OCF,13,21,10,9,23,29,18,20,18,9,9
7083,FCF,12,20,4,3,21,28,17,11,17,-5,7
7083,NP Margin,12.22,6.55,3.02,6.90,7.42,8.54,4.84,6.91,6.48,12.10,12.77
7083,ROE,4.86,2.75,1.50,3.88,4.82,6.10,3.29,5.23,5.93,9.48,12.69
7083,Revenue GR,8.89,-14.58,-5.62,-8.18,-3.49,9.21,1.26,-4.79,22.34,-12.91,—
7083,Revenue GR 3Y avg,—,-9.54,-5.78,-1.09,2.19,1.73,5.66,0.48,9.27,30.14,—
7083,Revenue GR 5Y avg,—,-4.84,-1.55,-1.38,4.45,2.33,4.70,20.76,28.16,27.75,—
7083,Revenue GR 10Y avg,—,-0.19,9.03,12.42,15.51,16.35,—,—,—,—,—
7083,NP GR,—,-13.23,-33.38,11.32,4.64,11.56,-22.15,-18.13,-14.72,16.64,—
7083,NP GR 3Y avg,—,1.07,-16.57,-0.12,-5.29,-5.59,-14.87,1.08,0.46,11.77,—
7083,NP GR 5Y avg,—,-7.24,-8.17,0.17,2.89,17.25,—,—,—,—,—
7083,NP GR 10Y avg,0.0,0.0,0.0,0.0,0.0,0.0,0.0,0.0,0.0,0.0,0.0
7083,EPS GR,327.73,86.55,-57.78,-14.55,-16.04,94.63,-28.26,2.55,-33.20,-17.37,—
7083,EPS GR 3Y avg,—,-12.36,-32.84,11.77,5.44,12.71,-21.08,-17.28,-14.08,16.88,—
7083,EPS GR 5Y avg,—,1.92,-15.81,0.54,-4.29,-4.60,-14.14,1.81,1.05,11.98,—
7083,EPS GR 10Y avg,—,-6.45,-7.42,0.79,3.53,18.01,—,—,—,—,—
7083,OCF GR,—,111.47,13.81,-61.43,-21.28,57.26,-5.43,11.56,103.87,-3.59,—
7083,FCF GR,—,387.45,21.85,-83.94,-23.05,67.25,45.68,-31.67,—,—,—
7083,D/E,0.05,0.05,0.04,0.03,0.02,0.05,0.07,0.09,—,—,—
7083,Price,1.1600,1.1600,0.9000,1.1200,2.0500,2.2500,2.1500,1.7800,1.7900,1.5000,1.5500
7084,Year End,TTM,2020-03,2019-03,2018-03,2017-03,2016-03,2015-03,2014-03,2013-03,2012-03,2011-03
7084,Revenue,"4,142","4,156","3,619","3,263","3,012","2,853","2,707","2,457","2,146","1,947","1,777"
7084,NP,240,239,217,206,196,192,191,160,132,131,125
7084,EPS,0.10,0.10,0.09,0.08,0.08,0.08,0.08,0.07,0.06,0.06,0.06
7084,DPS,0.03,0.03,0.03,0.02,0.02,0.02,0.02,0.02,0.02,0.02,0.01
7084,Div Payout,29.9,31.2,32.0,25.1,28.3,27.1,23.3,24.2,28.2,23.4,—
7084,Shares,"2,434","2,434","2,434","2,434","2,434","2,434","2,434","2,261","2,235","2,324","2,216"
7084,BVPS,0.90,0.84,0.79,0.73,0.71,0.65,0.57,0.38,0.37,0.34,—
7084,OCF,625,528,292,299,311,251,225,274,119,168,131
7084,FCF,233,110,-14,-40,-9,13,-37,86,-70,-92,-81
7084,NP Margin,5.80,5.76,5.99,6.32,6.50,6.73,7.07,6.51,6.14,6.75,7.01
7084,ROE,11.32,12.11,11.63,11.65,11.73,12.73,14.11,14.70,15.47,16.98,20.11
7084,Revenue GR,0.36,14.83,10.91,8.34,5.56,5.41,10.16,14.48,10.26,9.56,—
7084,Revenue GR 3Y avg,—,11.33,8.25,6.43,7.02,9.96,11.62,11.41,13.28,11.67,—
7084,Revenue GR 5Y avg,—,8.95,8.05,8.74,9.12,9.94,12.89,11.94,10.43,11.72,—
7084,Revenue GR 10Y avg,—,10.90,9.98,9.58,10.41,10.94,—,—,—,—,—
7084,NP GR,—,6.90,4.11,2.52,7.00,13.40,13.36,8.69,7.20,13.73,—
7084,NP GR 3Y avg,—,4.57,6.27,9.38,8.32,9.05,12.35,12.35,10.26,15.75,—
7084,NP GR 5Y avg,—,8.39,9.27,9.82,11.97,14.79,—,—,—,—,—
7084,NP GR 10Y avg,0.0,0.0,0.0,0.0,0.0,0.0,0.0,0.0,0.0,0.0,0.0
7084,EPS GR,0.43,15.38,—,5.63,6.67,—,7.14,25.36,—,—,—
7084,EPS GR 3Y avg,—,6.82,4.06,4.06,4.55,10.33,10.33,7.82,5.83,5.83,—
7084,EPS GR 5Y avg,—,5.39,3.84,8.64,7.46,6.08,9.74,8.24,14.87,10.60,—
7084,EPS GR 10Y avg,—,7.54,6.02,11.71,9.02,10.39,—,—,—,—,—
7084,OCF GR,—,81.06,-2.31,-3.86,23.57,11.67,-17.89,130.25,-29.14,28.41,—
7084,FCF GR,—,—,—,—,—,—,—,—,—,—,—
7084,D/E,0.35,0.39,0.30,0.31,0.20,0.19,0.23,0.21,0.51,0.38,0.31
7084,Price,6.0600,6.0600,7.4000,6.8800,5.0900,4.5600,4.3500,3.9200,3.2400,3.0200,3.2500
7085,Year End,TTM,2020-03,2019-03,2018-03,2017-03,2016-03,2015-03,2014-03,2013-03,2012-03,2011-03
7085,Revenue,135,187,196,175,169,169,193,178,155,157,150
7085,NP,-23,5,21,3,12,12,46,28,10,2,16
7085,EPS,-0.18,0.04,0.16,0.02,0.10,0.09,0.35,0.22,0.07,0.01,0.12
7085,DPS,0.01,0.01,0.02,0.03,0.03,0.05,0.07,0.05,0.03,0.04,0.04
7085,Div Payout,—,13.6,14.4,83.5,50.1,21.7,22.9,23.0,—,35.0,—
7085,Shares,130,130,130,130,130,130,130,130,130,130,129
7085,BVPS,1.78,1.98,1.86,1.80,1.77,1.74,1.36,1.13,0.97,0.96,—
7085,OCF,-17,19,23,6,17,4,46,24,17,13,16
7085,FCF,-19,16,23,-2,6,-1,38,22,12,8,-5
7085,NP Margin,-17.29,2.94,10.67,1.83,7.38,6.89,23.95,15.87,6.21,1.19,10.64
7085,ROE,-9.55,2.26,8.77,1.36,5.42,5.24,24.31,19.39,7.47,1.48,13.20
7085,Revenue GR,-25.96,-4.66,12.17,3.65,-0.07,-12.27,8.18,15.01,-1.48,4.43,—
7085,Revenue GR 3Y avg,—,3.49,5.13,-3.14,-1.75,2.96,7.02,5.77,5.61,5.58,—
7085,Revenue GR 5Y avg,—,-0.57,1.97,2.48,1.45,2.35,7.95,5.92,7.43,12.93,—
7085,Revenue GR 10Y avg,—,3.60,3.93,4.93,7.04,6.54,—,—,—,—,—
7085,NP GR,—,-23.89,21.63,-58.94,-23.87,6.60,191.48,20.85,-16.04,-40.59,—
7085,NP GR 3Y avg,—,-34.65,-5.81,-19.78,46.26,-6.17,23.22,26.04,8.39,-19.28,—
7085,NP GR 5Y avg,—,-10.27,8.96,-6.75,8.66,-2.39,—,—,—,—,—
7085,NP GR 10Y avg,0.0,0.0,0.0,0.0,0.0,0.0,0.0,0.0,0.0,0.0,0.0
7085,EPS GR,-138.98,-73.74,554.88,-74.32,7.04,-74.76,63.23,193.96,426.60,-88.68,—
7085,EPS GR 3Y avg,—,-23.85,21.64,-58.91,-23.88,6.59,193.44,20.57,-17.22,-42.07,—
7085,EPS GR 5Y avg,—,-34.64,-5.80,-19.75,46.84,-6.30,22.17,24.65,7.20,-20.43,—
7085,EPS GR 10Y avg,—,-10.64,8.36,-7.25,8.09,-3.08,—,—,—,—,—
7085,OCF GR,—,-19.68,312.46,-66.83,345.49,-91.71,89.86,47.47,31.11,-21.34,—
7085,FCF GR,—,-29.02,—,—,—,—,73.90,80.12,61.04,—,—
7085,D/E,0.18,0.20,0.22,0.27,0.27,0.04,0.03,0.04,0.09,0.11,0.20
7085,Price,0.0000,0.0000,1.0900,1.1800,1.0000,1.2800,1.5900,5.7200,2.8500,1.8100,1.8600
7087,Year End,TTM,2020-04,2019-04,2018-04,2017-04,2016-04,2015-04,2014-04,2013-04,2012-04,2011-04
7087,Revenue,"1,192","1,206","1,073","1,080","1,140",854,716,651,566,534,444
7087,NP,125,122,103,91,120,82,52,42,36,31,17
7087,EPS,0.29,0.28,0.24,0.21,0.28,0.19,0.12,0.10,0.08,0.07,0.04
7087,DPS,0.08,0.10,0.07,0.04,0.04,0.04,0.02,0.02,0.03,0.02,0.02
7087,Div Payout,28.1,37.8,22.6,16.3,17.8,21.1,19.6,21.3,24.6,28.1,—
7087,Shares,433,434,434,434,434,434,434,434,434,431,416
7087,BVPS,1.57,1.37,1.20,1.05,0.88,0.72,0.60,0.53,0.25,0.43,—
7087,OCF,64,98,53,102,65,17,49,40,27,35,9
7087,FCF,50,94,46,89,57,12,47,33,23,31,4
7087,NP Margin,10.51,10.10,9.56,8.46,10.54,9.61,7.29,6.44,6.33,5.74,3.89
7087,ROE,19.67,21.41,20.64,20.92,32.82,27.57,20.57,18.99,18.22,17.84,11.35
7087,Revenue GR,17.31,12.35,-0.63,-5.27,33.47,19.22,10.00,15.10,5.93,20.39,—
7087,Revenue GR 3Y avg,—,1.88,7.91,14.66,20.51,14.71,10.28,13.65,14.52,11.23,—
7087,Revenue GR 5Y avg,—,10.97,10.50,13.80,16.37,14.00,13.72,10.91,10.75,21.59,—
7087,Revenue GR 10Y avg,—,12.34,10.71,12.26,18.95,24.82,—,—,—,—,—
7087,NP GR,—,0.47,7.72,20.51,41.99,31.84,19.44,34.45,29.51,38.46,—
7087,NP GR 3Y avg,—,18.47,19.59,20.59,31.42,36.61,25.91,29.44,28.67,47.94,—
7087,NP GR 5Y avg,—,22.13,24.42,24.56,39.43,52.99,—,—,—,—,—
7087,NP GR 10Y avg,0.0,0.0,0.0,0.0,0.0,0.0,0.0,0.0,0.0,0.0,0.0
7087,EPS GR,49.93,18.52,12.50,-24.12,46.14,57.48,24.29,17.27,15.79,71.54,—
7087,EPS GR 3Y avg,—,0.39,7.65,20.42,41.95,31.91,19.06,32.56,27.49,36.75,—
7087,EPS GR 5Y avg,—,18.42,19.55,20.55,31.18,35.45,24.74,28.27,27.46,39.92,—
7087,EPS GR 10Y avg,—,21.54,23.83,23.96,35.48,44.59,—,—,—,—,—
7087,OCF GR,—,84.81,-48.04,57.25,278.97,-65.34,24.99,44.90,-21.65,291.82,—
7087,FCF GR,—,105.83,-48.84,56.26,393.64,-75.39,41.85,44.27,-24.84,737.40,—
7087,D/E,—,—,—,—,—,—,—,—,—,—,—
7087,Price,2.3100,2.3100,1.8800,4.6500,4.5100,4.9300,4.2300,3.1700,2.6900,1.6800,1.3100
7088,Year End,TTM,2020-10,2019-10,2018-10,2017-10,2016-10,2015-10,2014-10,2013-10,2012-10,2011-10
7088,Revenue,699,660,701,622,614,535,454,377,358,392,359
7088,NP,56,52,51,47,56,47,39,24,17,15,6
7088,EPS,0.23,0.22,0.22,0.20,0.23,0.20,0.18,0.22,0.08,0.07,0.02
7088,DPS,0.06,0.05,0.08,0.07,0.06,0.06,0.06,0.03,0.01,0.01,0.01
7088,Div Payout,26.5,26.3,24.8,37.4,24.8,38.7,20.1,13.7,14.5,14.2,40.5
7088,Shares,252,235,235,234,237,234,214,107,214,216,226
7088,BVPS,1.68,1.46,1.51,1.36,1.27,1.05,0.92,0.77,0.69,0.67,0.58
7088,OCF,-3,47,71,52,59,32,49,42,12,32,8
7088,FCF,-15,40,50,11,36,14,33,36,-8,18,-4
7088,NP Margin,8.01,7.87,7.26,7.58,9.08,8.79,8.63,6.31,4.69,3.87,1.55
7088,ROE,13.58,13.16,14.99,15.66,21.12,20.60,20.34,14.51,11.22,11.11,4.25
7088,Revenue GR,36.60,-5.92,12.71,1.25,14.77,17.91,20.35,5.36,-8.69,9.11,1.02
7088,Revenue GR 3Y avg,—,2.40,9.41,11.07,17.65,14.35,5.01,1.63,0.22,5.95,-2.30
7088,Revenue GR 5Y avg,—,7.76,13.20,11.68,9.40,8.30,5.00,2.73,-1.46,-0.65,-0.14
7088,Revenue GR 10Y avg,—,6.37,7.84,4.91,4.25,3.99,—,—,—,—,—
7088,NP GR,—,-2.36,2.65,6.35,32.82,41.04,37.21,62.13,16.08,15.14,-7.29
7088,NP GR 3Y avg,—,5.79,16.42,22.95,29.75,53.16,29.58,19.09,19.07,-2.19,-5.94
7088,NP GR 5Y avg,—,17.08,17.75,21.00,12.65,20.02,—,—,—,—,—
7088,NP GR 10Y avg,0.0,0.0,0.0,0.0,0.0,0.0,0.0,0.0,0.0,0.0,0.0
7088,EPS GR,63.48,2.26,7.66,-14.39,16.58,10.05,-17.89,184.62,11.61,184.24,-47.78
7088,EPS GR 3Y avg,—,-1.95,2.42,3.18,1.75,37.01,37.65,108.23,18.33,17.01,-14.97
7088,EPS GR 5Y avg,—,3.87,-0.59,20.75,27.32,52.17,31.09,38.46,14.29,-6.29,-10.70
7088,EPS GR 10Y avg,—,16.69,17.32,17.47,9.23,16.57,—,—,—,—,—
7088,OCF GR,—,-34.36,37.12,-12.36,83.40,-33.54,17.18,236.69,-61.35,320.00,-43.47
7088,FCF GR,—,-20.10,364.43,-70.41,162.02,-57.45,-9.58,—,—,—,—
7088,D/E,0.04,0.03,—,—,—,—,0.01,0.02,0.03,0.02,0.02
7088,Price,1.6000,1.7700,1.5100,1.4600,2.0100,1.5700,1.4900,1.3300,0.7350,0.4000,0.4150
7089,Year End,TTM,2020-12,2019-12,2018-12,2017-12,2016-12,2015-12,2014-12,2013-12,2012-12,2011-12
7089,Revenue,964,932,837,801,718,623,547,398,316,346,285
7089,NP,69,76,79,57,72,73,58,28,18,21,11
7089,EPS,0.38,0.42,0.44,0.32,0.40,0.41,0.32,0.16,0.10,0.12,0.06
7089,DPS,0.18,0.19,0.16,0.13,0.16,0.16,0.09,0.05,0.04,0.04,0.02
7089,Div Payout,48.4,40.6,35.6,47.1,37.3,37.0,26.3,34.8,45.3,33.6,30.7
7089,Shares,180,180,180,180,180,180,180,180,180,180,180
7089,BVPS,2.35,2.27,2.01,1.64,1.57,1.40,1.21,0.87,0.80,0.74,0.63
7089,OCF,-17,38,132,67,32,61,82,28,36,19,11
7089,FCF,-22,24,115,47,20,44,72,16,25,7,8
7089,NP Margin,7.15,8.21,9.43,7.13,9.97,11.75,10.53,7.10,5.61,6.18,3.92
7089,ROE,16.99,19.27,22.48,18.60,25.89,29.65,27.37,16.82,12.67,16.81,9.56
7089,Revenue GR,15.68,11.34,4.42,11.66,15.09,14.01,37.43,25.98,-8.83,21.76,9.16
7089,Revenue GR 3Y avg,—,9.09,10.30,13.58,21.72,25.44,16.43,11.83,6.61,16.55,18.00
7089,Revenue GR 5Y avg,—,11.24,16.02,20.46,15.67,16.98,15.97,12.70,12.77,18.18,15.65
7089,Revenue GR 10Y avg,—,13.58,14.35,16.55,16.92,16.32,—,—,—,—,—
7089,NP GR,—,2.24,2.49,-0.25,36.28,60.49,39.05,36.37,0.30,9.79,26.83
7089,NP GR 3Y avg,—,5.83,22.78,26.39,27.27,45.74,26.81,11.79,26.55,78.58,66.46
7089,NP GR 5Y avg,—,15.85,17.16,26.47,50.76,55.75,—,—,—,—,—
7089,NP GR 10Y avg,0.0,0.0,0.0,0.0,0.0,0.0,0.0,0.0,0.0,0.0,0.0
7089,EPS GR,-38.38,-3.04,37.97,-20.10,-2.36,27.22,103.78,59.48,-17.28,92.30,-36.58
7089,EPS GR 3Y avg,—,2.25,2.48,-0.25,36.29,60.50,39.05,36.39,0.30,9.80,26.84
7089,EPS GR 5Y avg,—,5.83,22.78,26.39,27.27,45.75,26.81,11.79,26.55,78.51,66.53
7089,EPS GR 10Y avg,—,15.85,17.16,26.47,50.73,55.79,—,—,—,—,—
7089,OCF GR,—,-71.06,97.24,110.09,-47.62,-25.65,187.83,-21.93,90.87,68.73,76.26
7089,FCF GR,—,-78.78,145.88,136.36,-54.66,-39.03,356.24,-38.21,268.63,-12.48,—
7089,D/E,0.02,0.02,0.03,0.01,0.01,0.02,0.03,0.05,0.06,0.06,0.04
7089,Price,3.6200,3.9800,3.0700,2.6000,3.6000,3.1900,2.6600,2.8000,1.6100,1.3000,0.8300
7090,Year End,TTM,2020-12,2019-12,2018-12,2017-12,2016-12,2015-12,2014-12,2013-12,2012-12,2011-12
7090,Revenue,685,699,689,653,620,581,527,499,418,399,366
7090,NP,54,56,53,59,44,35,34,34,30,29,28
7090,EPS,0.11,0.11,0.11,0.12,0.09,0.07,0.07,0.07,0.06,0.06,0.06
7090,DPS,0.03,0.03,0.03,0.03,0.03,0.03,0.03,0.02,0.02,0.02,0.01
7090,Div Payout,32.8,31.5,0.3,28.1,35.1,32.0,43.0,30.4,30.9,35.5,24.1
7090,Shares,475,475,473,471,469,469,469,469,469,469,469
7090,BVPS,1.01,0.95,0.87,0.79,0.70,0.64,0.59,0.53,0.48,0.46,0.39
7090,OCF,80,85,68,40,46,34,23,35,27,31,33
7090,FCF,65,70,54,-22,12,24,17,29,-10,24,19
7090,NP Margin,7.82,8.02,7.66,8.98,7.17,6.01,6.50,6.78,7.17,7.28,7.67
7090,ROE,11.63,12.55,13.01,16.07,13.57,11.65,12.49,13.69,13.31,13.98,14.70
7090,Revenue GR,-7.15,1.44,5.54,5.22,6.71,10.33,5.53,19.31,4.98,8.91,16.67
7090,Revenue GR 3Y avg,—,4.05,5.82,7.40,7.50,11.58,9.74,10.90,10.08,12.13,12.18
7090,Revenue GR 5Y avg,—,5.81,6.65,9.30,9.25,9.69,10.93,12.04,10.05,11.06,10.29
7090,Revenue GR 10Y avg,—,8.34,9.31,9.67,10.15,9.99,—,—,—,—,—
7090,NP GR,—,8.01,14.70,19.61,9.50,5.20,5.67,6.45,-3.05,9.42,23.85
7090,NP GR 3Y avg,—,10.35,9.27,14.30,8.91,4.48,0.77,8.87,15.23,11.40,15.97
7090,NP GR 5Y avg,—,5.45,9.07,14.77,10.15,10.08,—,—,—,—,—
7090,NP GR 10Y avg,0.0,0.0,0.0,0.0,0.0,0.0,0.0,0.0,0.0,0.0,0.0
7090,EPS GR,-17.76,5.83,-99.10,—,27.05,2.05,1.11,12.82,3.46,3.34,-14.77
7090,EPS GR 3Y avg,—,7.59,14.35,454.00,9.45,5.20,5.68,6.45,-3.05,1.58,14.98
7090,EPS GR 5Y avg,—,10.06,9.06,186.78,8.88,4.47,0.78,4.11,10.20,6.54,8.98
7090,EPS GR 10Y avg,—,5.32,6.56,77.77,7.70,6.70,—,—,—,—,—
7090,OCF GR,—,25.17,68.80,-12.65,37.06,47.23,-34.42,28.43,-11.74,-5.41,22.59
7090,FCF GR,—,29.97,—,—,-50.07,42.67,-42.11,—,—,21.28,9.32
7090,D/E,0.01,0.01,0.06,0.06,—,—,—,—,—,—,0.01
7090,Price,2.9300,3.5400,2.2400,7.8000,5.6000,4.3000,3.6000,3.5800,4.5000,3.6800,2.7400
7091,Year End,TTM,2020-12,2019-12,2018-12,2017-12,2016-12,2015-12,2014-12,2013-12,2012-12,2011-12
7091,Revenue,264,259,277,273,247,239,240,239,227,219,193
7091,NP,17,17,23,20,12,9,10,15,21,22,19
7091,EPS,0.11,0.11,0.16,0.13,0.06,0.05,0.05,0.09,0.11,0.17,0.15
7091,DPS,0.04,0.04,0.03,0.04,0.03,0.03,0.04,0.06,0.06,0.05,0.03
7091,Div Payout,39.2,31.4,31.7,32.6,69.6,62.2,51.2,108.3,32.3,27.5,28.2
7091,Shares,149,149,149,150,185,182,188,178,190,127,129
7091,BVPS,1.89,1.87,1.76,1.64,1.98,1.96,1.89,1.76,1.65,1.40,1.07
7091,OCF,32,40,29,19,32,21,12,9,2,-3,-6
7091,FCF,29,33,23,15,22,15,6,-17,-16,-14,-16
7091,NP Margin,6.45,6.37,8.47,7.15,4.73,3.62,3.98,6.35,9.07,9.98,10.00
7091,ROE,6.29,6.15,9.17,7.98,4.78,3.58,4.12,6.94,10.52,12.78,12.30
7091,Revenue GR,6.90,-6.49,1.42,10.78,3.14,-0.09,0.05,5.39,3.67,13.24,22.28
7091,Revenue GR 3Y avg,—,1.66,5.03,4.51,1.02,1.75,3.01,7.35,12.81,22.20,16.12
7091,Revenue GR 5Y avg,—,1.60,2.98,3.78,2.41,4.34,8.64,14.80,12.94,14.46,14.19
7091,Revenue GR 10Y avg,—,5.06,8.73,8.26,8.27,9.16,—,—,—,—,—
7091,NP GR,—,12.30,39.46,27.04,-8.46,-25.07,-24.19,-7.69,8.52,17.67,13.28
7091,NP GR 3Y avg,—,11.64,9.09,-1.05,-11.81,-14.84,-9.97,2.53,9.13,8.95,14.54
7091,NP GR 5Y avg,—,0.25,5.76,3.92,-1.98,-1.23,—,—,—,—,—
7091,NP GR 10Y avg,0.0,0.0,0.0,0.0,0.0,0.0,0.0,0.0,0.0,0.0,0.0
7091,EPS GR,12.32,-29.24,20.81,106.67,32.63,-6.43,-36.70,-25.95,-37.29,14.93,20.32
7091,EPS GR 3Y avg,—,20.89,49.05,36.89,-7.73,-24.02,-33.51,-18.88,-4.64,18.43,13.43
7091,EPS GR 5Y avg,—,17.00,14.43,3.75,-18.26,-20.57,-16.47,-5.06,1.02,9.39,16.26
7091,EPS GR 10Y avg,—,-1.14,4.23,2.38,-5.44,-3.90,—,—,—,—,—
7091,OCF GR,—,36.78,54.56,-39.61,47.59,73.06,30.65,362.17,—,—,—
7091,FCF GR,—,42.30,55.41,-31.74,44.88,168.00,—,—,—,—,—
7091,D/E,0.07,0.08,0.08,0.06,0.07,0.07,0.08,0.10,0.12,0.10,0.12
7091,Price,1.5500,1.3500,1.2400,0.9500,1.0200,1.0300,1.2700,1.4900,1.6700,1.1800,0.8800
7095,Year End,TTM,2020-12,2019-12,2018-12,2017-12,2016-12,2015-12,2014-12,2013-12,2012-12,2011-12
7095,Revenue,849,686,659,661,679,579,662,562,449,349,350
7095,NP,60,46,37,43,48,36,49,39,38,34,38
7095,EPS,0.16,0.12,0.10,0.11,0.13,0.09,0.15,0.10,0.10,0.09,0.10
7095,DPS,0.02,0.02,0.02,0.02,0.02,0.02,0.02,0.02,0.02,0.02,0.02
7095,Div Payout,15.3,42.4,19.9,19.9,19.4,32.6,19.6,20.5,19.6,22.4,30.0
7095,Shares,384,384,384,384,384,384,384,384,384,384,384
7095,BVPS,1.27,1.15,1.26,1.07,0.99,0.91,0.89,0.79,0.72,0.69,0.60
7095,OCF,-66,-9,94,52,9,112,-37,79,-16,50,15
7095,FCF,-81,-38,86,31,-3,98,-73,69,-29,32,-3
7095,NP Margin,7.08,6.64,5.54,6.52,7.07,6.23,7.39,6.86,8.47,9.85,10.89
7095,ROE,12.82,9.81,8.29,10.37,12.38,9.51,13.95,12.72,13.74,13.22,15.62
7095,Revenue GR,161.35,4.10,-0.29,-2.65,17.26,-12.53,17.89,25.09,28.73,-0.24,21.74
7095,Revenue GR 3Y avg,—,0.35,4.41,-0.05,6.54,8.86,23.82,17.12,16.06,15.58,6.22
7095,Revenue GR 5Y avg,—,0.72,3.26,8.05,14.26,10.62,18.19,19.98,9.00,4.42,4.73
7095,Revenue GR 10Y avg,—,9.10,11.31,8.53,9.23,7.63,—,—,—,—,—
7095,NP GR,—,-1.71,0.45,-4.13,7.63,-1.75,12.54,0.38,14.01,10.76,3.91
7095,NP GR 3Y avg,—,-1.42,-1.04,2.55,6.93,-1.08,13.79,8.78,2.30,-0.71,7.79
7095,NP GR 5Y avg,—,5.92,3.76,2.43,3.04,3.26,—,—,—,—,—
7095,NP GR 10Y avg,0.0,0.0,0.0,0.0,0.0,0.0,0.0,0.0,0.0,0.0,0.0
7095,EPS GR,-590.63,24.68,-15.23,-10.16,33.12,-26.64,28.00,1.69,9.91,-10.53,50.00
7095,EPS GR 3Y avg,—,-1.71,0.46,-4.27,7.72,-1.53,12.68,—,13.83,10.30,4.21
7095,EPS GR 5Y avg,—,-1.50,-0.98,2.69,6.92,-1.25,13.94,8.45,2.16,-1.14,7.53
7095,EPS GR 10Y avg,—,5.94,3.63,2.43,2.81,3.05,—,—,—,—,—
7095,OCF GR,—,—,80.04,474.21,-91.93,—,—,—,—,228.37,-28.09
7095,FCF GR,—,—,175.94,—,—,—,—,—,—,—,—
7095,D/E,—,—,—,—,—,—,—,—,—,—,—
7095,Price,3.4000,2.4200,1.4500,1.4900,1.9500,1.6800,10.7000,5.8800,6.9600,4.3200,3.9200
