code,detail,TTM,Y1,Y2,Y3,Y4,Y5,Y6,Y7,Y8,Y9,Y10
0001,Year End,TTM,2020-12,2019-12,2018-12,2017-12,2016-12,2015-12,2014-12,2013-12,2012-12,2011-12
0001,Revenue,138,128,123,88,34,30,35,34,26,35,35
0001,NP,24,24,19,11,3,2,3,1,1,1,4
0001,EPS,0.03,0.03,0.03,0.02,0.01,0.01,0.01,—,—,0.01,0.02
0001,DPS,0.01,0.01,0.01,—,—,—,—,—,—,0.01,—
0001,Div Payout,33.9,34.9,37.0,—,—,27.4,—,—,—,83.3,—
0001,Shares,830,789,666,643,243,243,243,243,243,243,243
0001,BVPS,0.35,0.33,0.31,0.20,0.18,0.17,0.16,0.16,0.15,0.15,0.13
0001,OCF,17,16,24,12,-3,-1,—,—,6,-2,4
0001,FCF,11,12,22,9,-3,-1,-1,-1,6,-3,3
0001,NP Margin,17.62,18.30,15.76,12.65,7.52,7.71,8.54,2.32,2.46,4.24,11.06
0001,ROE,10.52,10.50,9.65,9.27,5.94,5.64,7.57,2.07,1.76,4.05,11.23
0001,Revenue GR,33.46,4.42,39.29,156.29,13.26,-12.96,4.21,27.59,-24.14,0.25,3.99
0001,Revenue GR 3Y avg,—,55.05,59.31,36.20,0.90,4.99,0.29,-1.00,-7.53,16.79,1.62
0001,Revenue GR 5Y avg,—,29.73,29.68,27.43,-0.11,-2.52,1.01,9.05,-4.41,-1.72,-3.57
0001,Revenue GR 10Y avg,—,14.47,18.92,10.37,-0.92,-3.05,—,—,—,—,—
0001,NP GR,—,108.59,102.16,55.28,49.40,53.66,26.66,-41.22,—,—,—
0001,NP GR 3Y avg,—,51.11,90.31,76.78,12.02,-9.30,—,—,—,—,—
0001,NP GR 5Y avg,—,—,—,—,—,—,—,—,—,—,—
0001,NP GR 10Y avg,0.0,0.0,0.0,0.0,0.0,0.0,0.0,0.0,0.0,0.0,0.0
0001,EPS GR,—,-1.00,46.12,92.52,10.31,-21.14,284.38,18.52,-55.00,-61.78,—
0001,EPS GR 3Y avg,—,40.69,45.86,18.76,49.54,53.16,27.03,-41.15,—,—,—
0001,EPS GR 5Y avg,—,19.36,56.56,50.14,12.27,-9.18,—,—,—,—,—
0001,EPS GR 10Y avg,—,—,—,—,—,—,—,—,—,—,—
0001,OCF GR,—,-34.46,103.95,—,—,—,—,-97.20,—,—,449.89
0001,FCF GR,—,-46.05,160.66,—,—,—,—,—,—,—,493.46
0001,D/E,—,—,—,—,—,—,—,—,—,—,—
0001,Price,1.6200,1.8500,0.7250,0.5600,0.4000,0.1350,0.1200,0.0950,0.1300,0.1400,0.1200
0002,Year End,TTM,2020-06,2019-06,2018-06,2017-06,2016-06,2015-06,2014-06,2013-06,2012-06,2011-06
0002,Revenue,153,172,173,178,166,160,145,147,131,127,113
0002,NP,20,30,22,16,12,8,1,6,4,1,-2
0002,EPS,0.14,0.20,0.16,0.11,0.09,0.06,0.01,0.04,0.03,0.01,-0.02
0002,DPS,0.07,0.08,0.06,0.04,0.02,—,—,—,—,—,—
0002,Div Payout,48.1,45.9,40.1,47.2,20.8,—,—,—,—,—,—
0002,Shares,147,146,142,142,141,138,139,137,129,124,124
0002,BVPS,1.31,1.25,1.15,1.10,1.05,0.97,0.91,0.87,0.78,0.79,—
0002,OCF,40,50,37,36,33,26,29,20,20,4,15
0002,FCF,37,47,24,29,30,16,21,7,9,-2,6
0002,NP Margin,12.99,17.21,12.86,8.82,7.45,4.84,0.73,3.84,2.81,0.88,-1.90
0002,ROE,10.57,16.33,13.64,10.67,9.07,6.14,0.88,4.99,3.51,1.11,-2.10
0002,Revenue GR,-6.81,-0.48,-3.32,7.28,3.83,10.37,-1.49,12.25,3.43,12.50,—
0002,Revenue GR 3Y avg,—,1.06,2.50,7.13,4.12,6.86,4.57,9.31,8.65,12.15,—
0002,Revenue GR 5Y avg,—,3.42,3.21,6.33,5.56,7.26,7.24,10.37,8.66,8.83,—
0002,Revenue GR 10Y avg,—,5.31,6.73,7.49,7.18,8.81,—,—,—,—,—
0002,NP GR,—,33.59,41.94,145.84,29.87,28.16,-1.88,—,-31.99,-50.27,—
0002,NP GR 3Y avg,—,94.57,31.43,33.70,61.68,—,-38.16,-9.11,-14.77,-34.91,—
0002,NP GR 5Y avg,—,9.69,9.30,6.75,2.59,-2.49,—,—,—,—,—
0002,NP GR 10Y avg,0.0,0.0,0.0,0.0,0.0,0.0,0.0,0.0,0.0,0.0,0.0
0002,EPS GR,-18.65,28.99,41.08,25.99,56.76,639.47,-81.60,44.91,213.19,—,—
0002,EPS GR 3Y avg,—,31.86,40.72,144.44,28.73,25.40,-5.83,—,-32.99,-50.27,—
0002,EPS GR 5Y avg,—,92.71,30.55,31.25,57.47,—,-39.62,-11.01,-15.46,-44.07,—
0002,EPS GR 10Y avg,—,7.87,7.78,5.34,-6.15,-3.48,—,—,—,—,—
0002,OCF GR,—,35.01,3.64,8.17,27.27,-10.38,43.55,-0.52,375.70,-71.29,—
0002,FCF GR,—,93.64,-16.49,-2.16,84.30,-23.30,196.68,-18.22,—,—,—
0002,D/E,0.05,0.10,0.18,0.30,0.40,0.51,0.62,0.71,0.84,0.90,0.87
0002,Price,2.5200,2.9100,1.7600,1.8200,2.0800,1.0400,1.1300,1.4000,0.6700,0.6000,0.4800
0008,Year End,TTM,2020-12,2019-12,2018-12,2017-12,2016-12,2015-12,2014-12,2013-12,2012-12,2011-12
0008,Revenue,154,146,138,135,155,132,119,110,103,83,52
0008,NP,17,18,15,11,19,18,18,17,19,15,9
0008,EPS,0.04,0.04,0.03,0.02,0.04,0.04,0.04,0.04,0.04,0.03,0.02
0008,DPS,0.01,0.01,0.01,0.01,0.01,0.01,0.01,0.01,0.01,0.01,0.01
0008,Div Payout,41.8,63.9,32.9,39.9,23.4,26.4,29.3,26.7,25.7,31.6,53.0
0008,Shares,485,486,487,487,487,487,487,487,487,487,487
0008,BVPS,0.38,0.34,0.33,0.31,0.30,0.26,0.24,0.19,0.16,0.15,0.12
0008,OCF,—,3,20,44,4,3,5,17,17,2,5
0008,FCF,-2,1,19,43,-3,3,3,13,15,1,5
0008,NP Margin,11.34,12.23,10.80,8.25,12.05,13.85,15.17,15.87,18.87,18.43,16.31
0008,ROE,10.16,10.53,9.33,7.34,13.13,14.16,16.35,18.78,24.48,22.89,13.82
0008,Revenue GR,27.91,6.10,2.35,-13.39,17.72,10.68,8.67,6.96,23.00,59.94,-4.24
0008,Revenue GR 3Y avg,—,-2.02,1.43,4.11,12.29,8.76,12.65,28.14,23.50,10.40,0.65
0008,Revenue GR 5Y avg,—,4.15,4.65,5.57,13.25,20.41,16.97,12.10,14.94,9.94,5.75
0008,Revenue GR 10Y avg,—,10.37,8.31,10.16,11.58,12.84,—,—,—,—,—
0008,NP GR,—,-1.53,-6.65,-15.00,2.43,-1.90,5.57,26.97,27.58,6.82,1.81
0008,NP GR 3Y avg,—,-0.24,-3.11,-10.51,4.01,16.53,14.18,6.66,19.15,13.29,1.10
0008,NP GR 5Y avg,—,6.73,1.66,3.26,8.55,8.54,—,—,—,—,—
0008,NP GR 10Y avg,0.0,0.0,0.0,0.0,0.0,0.0,0.0,0.0,0.0,0.0,0.0
0008,EPS GR,-20.45,20.26,34.21,-40.70,2.40,1.08,3.92,-10.06,25.79,81.09,-7.43
0008,EPS GR 3Y avg,—,-1.45,-6.59,-15.02,2.46,-1.88,5.54,27.01,28.24,7.41,2.40
0008,EPS GR 5Y avg,—,-0.19,-3.06,-10.52,4.00,16.56,14.53,6.99,19.59,13.74,3.07
0008,EPS GR 10Y avg,—,6.92,1.84,3.44,8.76,9.61,—,—,—,—,—
0008,OCF GR,—,-84.80,-54.81,—,3.58,-26.31,-72.49,0.05,975.00,-70.06,-64.79
0008,FCF GR,—,-92.64,-55.50,—,—,-26.26,-73.29,-17.51,—,-88.16,-66.30
0008,D/E,0.01,0.01,0.02,—,—,—,—,—,—,—,—
0008,Price,0.5400,0.4450,0.5200,0.5050,1.1300,0.7550,0.7100,0.7500,0.6800,0.3400,0.3000
0011,Year End,TTM,2020-12,2019-12,2018-12,2017-12,2016-12,2015-12,2014-12,2013-12,2012-12,2011-12
0011,Revenue,25,24,28,27,26,31,27,24,25,22,19
0011,NP,5,5,6,4,4,5,5,5,3,2,3
0011,EPS,0.02,0.02,0.02,0.02,0.02,0.02,0.02,0.02,0.01,0.01,0.01
0011,DPS,0.02,0.02,0.02,0.02,0.02,0.01,0.01,0.01,0.01,—,—
0011,Div Payout,85.1,64.3,102.6,96.9,101.2,54.8,81.3,32.8,45.5,49.5,121.7
0011,Shares,252,252,252,252,252,252,252,252,252,252,252
0011,BVPS,0.28,0.24,0.23,0.22,0.21,0.21,0.18,0.18,0.17,0.16,0.12
0011,OCF,7,17,7,5,6,8,2,3,4,4,4
0011,FCF,8,17,6,1,3,5,-5,2,1,4,2
0011,NP Margin,19.36,19.13,20.99,16.21,15.47,15.85,17.44,21.63,13.64,11.21,16.46
0011,ROE,7.11,7.05,9.77,7.67,7.30,9.08,9.50,11.62,8.05,6.02,8.64
0011,Revenue GR,3.78,-12.86,4.68,3.30,-16.52,14.04,13.71,-3.08,12.83,17.34,16.33
0011,Revenue GR 3Y avg,—,-1.96,-3.36,-0.56,2.68,7.92,7.53,8.67,15.48,7.56,-0.68
0011,Revenue GR 5Y avg,—,-2.15,3.20,1.62,3.43,10.72,11.16,6.36,5.34,1.88,-4.93
0011,Revenue GR 10Y avg,—,4.29,4.77,3.47,2.65,2.60,—,—,—,—,—
0011,NP GR,—,5.24,6.13,-2.95,-8.18,13.44,24.59,19.02,46.34,32.12,29.00
0011,NP GR 3Y avg,—,-0.32,2.58,5.18,10.31,9.88,34.57,37.22,18.69,12.38,18.65
0011,NP GR 5Y avg,—,15.82,18.64,11.73,11.34,14.18,—,—,—,—,—
0011,NP GR 10Y avg,0.0,0.0,0.0,0.0,0.0,0.0,0.0,0.0,0.0,0.0,0.0
0011,EPS GR,13.33,-20.69,35.67,8.23,-18.56,3.74,-8.33,53.38,37.11,-19.93,185.60
0011,EPS GR 3Y avg,—,5.21,6.14,-2.94,-8.16,13.41,24.46,18.97,46.36,32.20,29.00
0011,EPS GR 5Y avg,—,-0.32,2.61,5.15,10.25,9.87,34.54,37.19,18.70,12.42,18.65
0011,EPS GR 10Y avg,—,15.80,18.64,11.72,11.33,14.18,—,—,—,—,—
0011,OCF GR,—,148.57,33.51,-6.52,-28.52,210.31,-27.49,-20.17,7.39,13.77,35.05
0011,FCF GR,—,160.81,734.56,-78.20,-22.57,—,—,3.20,-59.66,53.06,75.72
0011,D/E,0.44,0.36,0.34,0.25,0.13,0.09,0.02,0.02,0.02,0.01,0.01
0011,Price,0.5200,0.5100,0.2200,0.2350,0.2900,0.3400,0.2450,0.2400,0.1700,0.1200,0.1500
0012,Year End,TTM,2020-12,2019-12,2018-12,2017-12,2016-12,2015-12,2014-12,2013-12,2012-12,2011-12
0012,Revenue,462,436,436,438,411,388,352,311,303,306,269
0012,NP,35,30,29,29,42,39,20,18,10,18,16
0012,EPS,0.07,0.06,0.06,0.05,0.09,0.08,0.04,0.04,0.02,0.03,0.03
0012,DPS,0.02,0.02,0.02,0.02,0.01,0.01,0.01,0.01,0.01,0.01,0.01
0012,Div Payout,30.9,31.0,31.8,25.5,17.3,19.0,25.5,28.2,36.3,26.7,32.4
0012,Shares,489,489,492,492,453,453,492,492,492,492,492
0012,BVPS,0.77,0.75,0.71,0.67,0.62,0.56,0.51,0.47,0.45,0.43,0.41
0012,OCF,4,27,62,-14,49,78,6,39,45,3,13
0012,FCF,-30,-4,50,-28,19,51,-7,37,36,-10,-4
0012,NP Margin,7.49,6.92,6.75,6.65,10.12,10.04,5.70,5.85,3.41,5.76,5.91
0012,ROE,9.41,8.44,8.69,9.13,14.15,14.75,8.37,8.08,4.77,8.51,8.13
0012,Revenue GR,25.99,0.02,-0.44,6.44,6.13,10.02,13.16,2.81,-1.15,14.00,7.98
0012,Revenue GR 3Y avg,—,1.96,3.99,7.52,9.73,8.58,4.77,5.03,6.76,19.72,20.86
0012,Revenue GR 5Y avg,—,4.36,6.97,7.65,6.07,7.60,7.20,11.76,14.75,23.39,26.19
0012,Revenue GR 10Y avg,—,5.77,9.34,11.14,14.41,16.52,—,—,—,—,—
0012,NP GR,—,-10.20,-8.91,13.19,31.74,55.68,4.42,4.66,-15.16,-0.75,9.40
0012,NP GR 3Y avg,—,8.48,10.06,23.07,18.75,19.63,3.52,0.19,-3.20,11.77,12.98
0012,NP GR 5Y avg,—,5.97,5.01,9.15,15.21,16.25,—,—,—,—,—
0012,NP GR 10Y avg,0.0,0.0,0.0,0.0,0.0,0.0,0.0,0.0,0.0,0.0,0.0
0012,EPS GR,51.11,3.33,-6.25,-30.43,16.16,94.12,10.87,76.92,-42.22,12.50,-9.09
0012,EPS GR 3Y avg,—,-12.33,-8.84,16.19,35.72,56.15,4.26,4.77,-16.08,-7.58,0.85
0012,EPS GR 5Y avg,—,8.73,10.27,25.21,20.64,19.87,3.00,-4.20,-7.79,16.19,5.49
0012,EPS GR 10Y avg,—,5.82,2.78,7.45,18.40,12.45,—,—,—,—,—
0012,OCF GR,—,-57.34,—,—,-37.87,—,-84.67,-13.55,—,-80.39,—
0012,FCF GR,—,—,—,—,-62.87,—,—,2.05,—,—,—
0012,D/E,0.02,0.02,0.04,0.04,0.05,0.04,0.03,0.04,0.09,0.10,0.12
0012,Price,0.7900,0.8450,0.7350,0.7050,1.0000,1.3100,1.0500,0.8750,0.8400,1.0900,1.1200
0023,Year End,TTM,2020-12,2019-12,2018-12,2017-12,2016-12,2015-12,2014-12,2013-12,2012-12,2011-12
0023,Revenue,82,81,86,93,89,75,102,89,52,46,38
0023,NP,11,8,6,11,10,1,22,21,2,3,-3
0023,EPS,0.02,0.01,0.01,0.02,0.02,—,0.04,0.04,—,0.01,-0.01
0023,DPS,0.01,0.01,0.01,0.01,0.01,0.01,0.01,—,—,—,—
0023,Div Payout,54.0,77.5,52.9,44.6,27.9,—,18.8,—,—,—,—
0023,Shares,607,607,607,608,608,590,589,551,450,435,549
0023,BVPS,0.20,0.19,0.19,0.18,0.18,0.17,0.16,0.12,0.11,0.10,0.06
0023,OCF,19,18,17,9,11,12,23,22,7,9,9
0023,FCF,17,15,14,9,9,11,22,21,6,7,8
0023,NP Margin,13.71,10.35,6.96,12.25,10.87,0.69,21.26,23.27,3.32,7.57,-7.11
0023,ROE,9.43,6.94,4.98,9.87,8.86,0.52,26.09,35.02,3.67,7.97,-8.30
0023,Revenue GR,4.79,-5.29,-8.17,4.93,17.85,-25.83,13.88,71.60,13.23,21.94,0.61
0023,Revenue GR 3Y avg,—,-3.00,4.33,-2.84,-0.15,13.17,30.31,33.31,11.58,15.37,6.98
0023,Revenue GR 5Y avg,—,-4.42,-0.83,12.38,14.10,14.88,22.11,24.43,11.07,12.64,7.50
0023,Revenue GR 10Y avg,—,8.03,11.09,11.72,13.37,11.13,—,—,—,—,—
0023,NP GR,—,-4.58,125.65,-19.15,-22.53,-33.06,83.80,—,—,—,—
0023,NP GR 3Y avg,—,-17.24,-22.10,45.88,22.65,—,—,—,—,—,—
0023,NP GR 5Y avg,—,—,—,—,—,20.30,—,—,—,—,—
0023,NP GR 10Y avg,0.0,0.0,0.0,0.0,0.0,0.0,0.0,0.0,0.0,0.0,0.0
0023,EPS GR,-109.30,40.82,-47.87,18.24,—,-97.55,-2.65,881.77,-36.00,—,—
0023,EPS GR 3Y avg,—,-4.61,121.65,-19.99,-25.01,-38.34,82.88,—,—,—,—
0023,EPS GR 5Y avg,—,-17.77,-23.62,37.39,21.52,—,—,—,—,—,—
0023,EPS GR 10Y avg,—,—,—,—,—,11.61,—,—,—,—,—
0023,OCF GR,—,9.21,76.20,-12.13,-11.34,-48.35,4.65,208.64,-16.11,-0.02,—
0023,FCF GR,—,11.39,60.60,-8.37,-13.63,-51.66,5.01,263.14,-14.32,-11.36,—
0023,D/E,0.01,0.01,—,—,—,—,0.01,—,—,0.01,0.02
0023,Price,0.3850,0.3950,0.4900,0.2000,0.3750,0.2650,0.9350,0.7500,0.0800,0.1000,0.0700
0032,Year End,TTM,2020-06,2018-04,2017-04,2016-04,2015-05,2014-05,2013-05,2012-05,2011-05,2010-05
0032,Revenue,160,178,118,151,128,151,142,142,107,90,82
0032,NP,11,7,6,-5,-31,12,22,25,2,-12,-5
0032,EPS,0.01,0.01,0.01,-0.01,-0.04,0.02,0.01,0.04,—,-0.03,-0.01
0032,DPS,0.01,0.01,—,—,—,0.01,0.01,—,—,—,—
0032,Div Payout,131.4,—,—,—,—,—,—,—,—,—,—
0032,Shares,773,773,773,773,779,580,705,646,476,439,400
0032,BVPS,0.22,0.22,—,—,—,—,—,—,—,—,—
0032,OCF,—,—,—,—,—,-36,17,16,2,-10,—
0032,FCF,63,57,44,-25,-7,-56,3,15,-4,-15,—
0032,NP Margin,6.72,3.72,5.06,-3.56,-23.86,7.73,15.64,17.66,2.01,-13.08,-6.59
0032,ROE,6.33,4.11,4.39,-4.00,-22.68,7.75,19.07,27.01,2.78,-14.01,-7.09
0032,Revenue GR,17.58,20.79,-21.58,17.17,-16.01,6.39,-0.20,32.78,19.43,—,—
0032,Revenue GR 3Y avg,—,8.11,-8.04,2.09,-3.38,12.13,16.54,20.00,10.44,—,—
0032,Revenue GR 5Y avg,—,3.80,-3.69,7.20,7.61,12.90,12.29,5.26,0.22,—,—
0032,Revenue GR 10Y avg,—,7.54,0.73,3.62,—,—,—,—,—,—,—
0032,NP GR,—,—,-20.51,—,—,75.74,—,—,—,—,—
0032,NP GR 3Y avg,—,-18.03,-25.32,—,—,—,—,—,-17.33,—,—
0032,NP GR 5Y avg,—,—,—,—,—,—,—,—,—,—,—
0032,NP GR 10Y avg,0.0,0.0,0.0,0.0,0.0,0.0,0.0,0.0,0.0,0.0,0.0
0032,EPS GR,464.29,5.23,—,—,—,-40.88,-34.99,—,—,—,—
0032,EPS GR 3Y avg,—,—,-28.02,—,—,64.69,—,—,—,—,—
0032,EPS GR 5Y avg,—,-20.21,-32.26,—,—,—,—,—,-27.20,—,—
0032,EPS GR 10Y avg,—,—,—,—,—,—,—,—,—,—,—
0032,OCF GR,—,10.60,—,—,—,—,2.22,575.02,—,—,—
0032,FCF GR,—,11.85,—,—,—,—,-82.61,—,—,—,—
0032,D/E,0.03,0.04,0.01,0.02,0.03,0.03,0.04,0.05,0.07,0.09,0.10
0032,Price,0.4400,0.3800,0.3600,0.2450,0.2400,0.4900,0.5350,0.7900,0.7350,0.7100,0.2400
0037,Year End,TTM,2020-12,2019-12,2018-12,2017-12,2016-12,2015-12,2014-12,2013-12,2012-12,2011-12
0037,Revenue,148,191,351,379,252,254,233,215,140,187,118
0037,NP,-37,-29,40,35,30,25,21,19,7,7,-62
0037,EPS,-0.02,-0.02,0.03,0.02,0.02,0.02,0.01,0.01,—,0.01,-0.02
0037,DPS,—,—,0.01,0.01,0.01,—,—,—,—,—,—
0037,Div Payout,—,—,32.7,28.9,30.6,25.3,12.7,7.0,—,—,—
0037,Shares,"1,543","1,544","1,544","1,551","1,551","1,544","1,463","1,356","1,328","1,316","1,318"
0037,BVPS,0.15,0.15,0.16,0.15,0.14,0.12,0.12,0.07,0.06,0.05,0.07
0037,OCF,2,20,79,47,80,39,51,49,48,50,54
0037,FCF,-13,-10,-9,-47,46,22,27,33,19,19,29
0037,NP Margin,-25.11,-15.04,11.33,9.27,12.00,9.80,8.95,8.63,4.77,3.58,-52.14
0037,ROE,-14.71,-11.77,16.00,15.81,14.64,13.13,14.90,20.62,9.90,11.41,-85.53
0037,Revenue GR,-55.87,-45.58,-7.42,50.29,-0.45,8.80,8.55,53.72,-25.49,58.53,-25.47
0037,Revenue GR 3Y avg,—,-8.86,11.47,17.63,5.54,21.99,7.53,22.00,-4.16,3.26,-19.64
0037,Revenue GR 5Y avg,—,-3.89,10.34,22.12,6.13,16.48,8.00,4.75,-9.33,-7.47,-11.31
0037,Revenue GR 10Y avg,—,1.88,7.51,5.23,-0.90,1.64,—,—,—,—,—
0037,NP GR,—,—,16.96,19.02,17.79,55.13,45.90,—,—,—,—
0037,NP GR 3Y avg,—,—,16.51,39.50,35.14,—,—,—,—,-38.54,—
0037,NP GR 5Y avg,—,—,—,—,-8.86,-8.87,—,—,—,—,—
0037,NP GR 10Y avg,0.0,0.0,0.0,0.0,0.0,0.0,0.0,0.0,0.0,0.0,0.0
0037,EPS GR,-234.78,—,13.66,16.34,21.20,12.88,4.49,173.68,-1.72,—,—
0037,EPS GR 3Y avg,—,—,17.02,16.76,12.65,47.79,41.12,—,—,—,—
0037,EPS GR 5Y avg,—,—,13.58,35.40,30.91,—,—,—,—,-33.14,—
0037,EPS GR 10Y avg,—,—,—,—,-6.44,-6.67,—,—,—,—,—
0037,OCF GR,—,-75.22,69.21,-41.43,103.87,-22.81,4.78,1.07,-4.02,-7.51,—
0037,FCF GR,—,—,—,—,108.27,-18.89,-18.93,80.01,-0.92,-36.48,—
0037,D/E,0.08,0.09,0.09,0.03,0.03,0.02,0.10,0.37,0.64,1.09,1.21
0037,Price,0.1300,0.1400,0.1750,0.1900,0.2800,0.2800,0.1800,0.1350,0.1100,0.0900,0.0800
0039,Year End,TTM,2020-12,2019-12,2018-12,2017-12,2016-12,2015-08,2014-08,2013-08,2011-02,2010-02
0039,Revenue,118,118,131,123,104,92,—,—,—,8,10
0039,NP,10,9,6,8,10,13,-2,-2,-7,-33,-3
0039,EPS,0.02,0.02,0.01,0.05,0.02,0.03,-0.04,-0.06,-0.16,-0.91,-0.12
0039,DPS,—,—,0.01,0.01,0.01,—,—,—,—,—,—
0039,Div Payout,9.1,45.4,67.3,41.5,—,—,—,—,—,—,—
0039,Shares,509,497,486,446,432,400,40,40,40,36,24
0039,BVPS,0.22,0.23,0.20,0.17,0.14,—,—,—,—,—,—
0039,OCF,24,25,13,18,14,4,—,—,-1,4,—
0039,FCF,23,25,10,17,14,4,—,—,-1,-4,—
0039,NP Margin,8.29,7.29,4.55,6.20,9.52,14.17,—,—,—,-399.78,-29.31
0039,ROE,8.77,7.79,6.16,9.99,15.76,21.33,—,—,—,-58.83,-4.31
0039,Revenue GR,3.11,-10.00,6.09,17.94,13.35,13446.13,-32.99,-50.51,-70.37,—,—
0039,Revenue GR 3Y avg,—,4.04,12.35,679.67,558.16,413.43,-60.21,-58.17,-45.06,—,—
0039,Revenue GR 5Y avg,—,257.79,238.77,193.67,44.83,38.60,-44.26,-48.76,-40.14,—,—
0039,Revenue GR 10Y avg,—,28.86,20.01,22.55,21.15,—,—,—,—,—,—
0039,NP GR,—,-4.84,-23.04,—,—,—,—,—,—,—,—
0039,NP GR 3Y avg,—,—,—,—,—,—,—,—,—,—,—
0039,NP GR 5Y avg,—,—,-1.44,3.47,10.80,—,—,—,—,—,—
0039,NP GR 10Y avg,0.0,0.0,0.0,0.0,0.0,0.0,0.0,0.0,0.0,0.0,0.0
0039,EPS GR,172.22,40.98,-28.66,-26.29,-28.83,—,—,—,—,—,—
0039,EPS GR 3Y avg,—,-9.49,-27.94,—,—,—,—,—,—,—,—
0039,EPS GR 5Y avg,—,—,—,—,—,—,—,—,—,—,—
0039,EPS GR 10Y avg,—,—,-27.22,-24.29,-19.29,—,—,—,—,—,—
0039,OCF GR,—,93.51,-27.17,25.38,238.55,—,—,—,—,—,—
0039,FCF GR,—,153.00,-40.88,19.71,278.32,—,—,—,—,—,—
0039,D/E,2.54,2.63,3.11,4.00,0.22,0.13,—,—,—,—,—
0039,Price,0.3100,0.1800,0.2900,0.4300,0.5000,0.0100,0.0100,0.0100,0.0100,0.0100,0.0100
0040,Year End,TTM,2020-12,2019-12,2018-12,2017-12,2016-12,2015-12,2014-12,2013-12,2012-12,2011-12
0040,Revenue,79,82,103,95,96,95,73,45,33,33,29
0040,NP,11,11,11,10,7,6,7,6,5,4,2
0040,EPS,0.03,0.02,0.02,0.02,0.01,0.01,0.02,0.01,0.01,0.01,0.01
0040,DPS,0.01,0.01,0.01,0.01,—,0.01,0.01,0.01,0.01,0.01,0.01
0040,Div Payout,33.1,30.0,44.8,30.7,—,40.3,39.3,40.3,73.1,69.6,89.7
0040,Shares,447,447,447,447,447,447,447,447,447,447,447
0040,BVPS,0.16,0.15,0.13,0.12,0.11,0.10,0.10,0.09,0.08,0.08,0.09
0040,OCF,29,25,13,21,16,6,17,-3,10,10,10
0040,FCF,26,22,10,15,10,4,16,-5,6,6,9
0040,NP Margin,14.23,13.44,10.79,10.65,6.99,6.34,10.17,12.36,14.02,10.70,7.44
0040,ROE,16.59,16.43,18.29,18.68,13.56,13.02,17.51,14.76,13.30,9.67,5.52
0040,Revenue GR,-18.99,-19.89,7.88,-0.77,1.48,30.62,60.05,36.30,0.77,13.41,8.56
0040,Revenue GR 3Y avg,—,-5.00,2.79,9.56,28.49,41.77,30.03,15.92,7.45,1.39,-5.58
0040,Revenue GR 5Y avg,—,2.59,17.82,23.47,23.85,26.64,22.04,7.44,-0.77,0.41,1.73
0040,Revenue GR 10Y avg,—,11.89,12.51,10.69,11.52,13.50,—,—,—,—,—
0040,NP GR,—,18.17,22.73,11.28,6.25,8.82,27.84,37.26,55.26,2.65,-10.54
0040,NP GR 3Y avg,—,8.49,14.67,16.87,13.73,22.63,42.72,11.41,9.03,18.42,23.41
0040,NP GR 5Y avg,—,24.43,13.03,12.89,16.06,23.02,—,—,—,—,—
0040,NP GR 10Y avg,0.0,0.0,0.0,0.0,0.0,0.0,0.0,0.0,0.0,0.0,0.0
0040,EPS GR,9.83,-0.27,9.38,51.56,11.39,-18.55,31.74,20.67,31.65,63.05,73.91
0040,EPS GR 3Y avg,—,18.25,22.68,11.20,6.12,9.00,27.91,37.34,55.13,2.67,-2.60
0040,EPS GR 5Y avg,—,8.45,14.66,16.93,13.68,22.69,42.78,11.45,14.68,24.61,29.86
0040,EPS GR 10Y avg,—,24.44,13.04,15.80,19.02,26.22,—,—,—,—,—
0040,OCF GR,—,87.71,-37.44,29.61,148.16,-62.12,—,—,0.13,-0.69,-0.22
0040,FCF GR,—,109.55,-30.62,48.07,167.31,-77.03,—,—,3.81,-39.62,-7.51
0040,D/E,0.15,0.15,0.21,0.24,0.25,0.20,0.21,0.25,0.16,0.15,0.03
0040,Price,0.5250,0.5250,0.3700,0.2850,0.2900,0.3400,0.2950,0.3100,0.1700,0.1200,0.1300
0049,Year End,TTM,2020-12,2019-12,2018-12,2017-12,2016-12,2015-12,2014-12,2013-12,2012-12,2011-12
0049,Revenue,78,80,89,85,90,84,79,73,69,59,58
0049,NP,4,4,7,6,10,10,9,5,7,3,2
0049,EPS,0.02,0.02,0.03,0.03,0.04,0.04,0.04,0.02,0.03,0.01,0.01
0049,DPS,0.01,0.01,0.01,0.01,0.01,0.01,0.01,0.01,—,—,—
0049,Div Payout,51.0,57.6,39.0,21.4,14.5,18.2,15.1,15.8,20.1,25.4,24.7
0049,Shares,261,249,245,223,245,245,245,245,245,244,245
0049,BVPS,0.42,0.38,0.37,0.35,0.34,0.30,0.27,0.23,0.19,0.18,0.16
0049,OCF,10,15,10,10,14,10,9,10,11,5,9
0049,FCF,2,4,-2,8,13,8,—,2,10,4,5
0049,NP Margin,5.08,5.38,7.95,7.14,10.94,12.17,10.98,6.75,9.48,4.45,3.70
0049,ROE,4.02,4.36,8.18,7.35,12.54,14.43,14.06,9.16,13.97,6.11,5.22
0049,Revenue GR,-8.11,-10.27,4.89,-5.07,7.22,5.36,9.09,6.16,16.48,1.41,4.04
0049,Revenue GR 3Y avg,—,-3.69,2.20,2.36,7.21,6.86,10.49,7.84,7.12,2.48,5.40
0049,Revenue GR 5Y avg,—,0.19,4.18,4.43,8.79,7.59,7.32,5.88,6.70,12.89,11.71
0049,Revenue GR 10Y avg,—,3.69,5.03,5.56,10.82,9.63,—,—,—,—,—
0049,NP GR,—,-23.97,-11.32,-11.35,25.95,16.14,49.30,31.79,53.20,-7.11,65.60
0049,NP GR 3Y avg,—,-13.14,7.65,-1.34,30.23,36.54,36.99,8.48,68.93,—,—
0049,NP GR 5Y avg,—,9.08,8.07,29.10,—,—,—,—,—,—,—
0049,NP GR 10Y avg,0.0,0.0,0.0,0.0,0.0,0.0,0.0,0.0,0.0,0.0,0.0
0049,EPS GR,-23.88,-40.34,16.85,-37.95,-3.72,16.88,77.73,-24.66,147.46,22.92,18.52
0049,EPS GR 3Y avg,—,-24.38,-11.29,-11.29,25.99,16.10,49.08,31.84,53.33,-7.06,65.97
0049,EPS GR 5Y avg,—,-13.41,7.71,-1.34,30.11,36.62,37.01,8.40,69.29,—,—
0049,EPS GR 10Y avg,—,8.92,8.06,29.24,—,—,—,—,—,—,—
0049,OCF GR,—,52.63,-7.40,-25.24,39.13,8.73,-8.59,-4.02,133.83,-47.22,57.31
0049,FCF GR,—,—,—,-38.40,61.28,—,-82.23,-82.52,188.27,-22.83,70.09
0049,D/E,0.06,0.04,0.01,—,0.02,0.06,0.06,0.01,0.04,0.10,0.15
0049,Price,0.4750,0.5450,0.4350,0.5550,0.6950,0.3950,0.4350,0.2900,0.1550,0.1100,0.0900
0050,Year End,TTM,2021-03,2020-03,2019-03,2018-03,2017-03,2016-03,2015-03,2014-03,2013-03,2012-03
0050,Revenue,23,23,28,28,23,15,11,10,7,7,6
0050,NP,-1,-1,1,—,1,3,1,3,2,3,1
0050,EPS,—,—,—,—,—,0.01,—,0.01,0.01,0.01,—
0050,DPS,—,—,—,—,—,0.01,0.01,—,0.01,—,—
0050,Div Payout,—,—,—,—,65.2,25.9,150.0,26.3,84.8,—,—
0050,Shares,348,348,348,348,335,317,317,317,307,307,284
0050,BVPS,0.14,0.14,0.15,0.15,0.15,0.12,0.12,0.12,0.11,0.12,—
0050,OCF,6,6,7,6,4,7,3,6,2,2,3
0050,FCF,3,3,3,2,1,3,—,-3,—,—,2
0050,NP Margin,-5.88,-5.88,2.85,1.37,5.81,17.81,10.72,29.81,26.27,39.66,19.24
0050,ROE,-2.73,-2.73,1.58,0.77,2.96,7.17,3.20,8.40,4.98,7.92,3.41
0050,Revenue GR,-4.08,-18.70,-1.36,26.22,48.76,35.04,8.08,53.38,-1.18,16.95,269.65
0050,Revenue GR 3Y avg,—,0.41,22.81,36.36,29.49,30.82,17.88,21.02,106.70,72.41,37.28
0050,Revenue GR 5Y avg,—,15.25,22.01,33.27,26.90,20.94,77.60,54.79,26.95,40.24,—
0050,Revenue GR 10Y avg,—,46.54,39.23,29.71,34.14,—,—,—,—,—,—
0050,NP GR,—,—,-33.30,-31.30,-24.92,14.93,-23.78,40.04,—,—,—
0050,NP GR 3Y avg,—,—,-23.69,-26.17,-13.58,19.08,—,—,—,—,—
0050,NP GR 5Y avg,—,—,—,—,—,—,—,—,—,—,—
0050,NP GR 10Y avg,0.0,0.0,0.0,0.0,0.0,0.0,0.0,0.0,0.0,0.0,0.0
0050,EPS GR,-395.36,—,109.42,-71.79,-54.12,123.68,-61.22,68.97,-34.09,193.33,—
0050,EPS GR 3Y avg,—,—,-35.29,-33.85,-26.44,13.59,-24.42,48.38,—,—,—
0050,EPS GR 5Y avg,—,—,-25.14,-28.29,-15.02,23.16,—,—,—,—,—
0050,EPS GR 10Y avg,—,—,—,—,—,—,—,—,—,—,—
0050,OCF GR,—,-5.75,13.38,39.70,-39.28,129.65,-52.14,171.45,16.80,-29.37,—
0050,FCF GR,—,3.28,62.18,184.41,-79.40,—,—,—,—,—,—
0050,D/E,0.12,0.12,0.11,0.12,0.13,0.17,0.18,0.16,0.05,0.05,0.03
0050,Price,0.2050,0.2050,0.0800,0.2400,0.2550,0.2900,0.1700,0.3250,0.1000,0.0900,0.1100
0054,Year End,TTM,2020-03,2019-03,2018-03,2017-03,2014-12,2013-12,2012-12,2011-12,2010-12,2009-12
0054,Revenue,128,153,152,158,138,132,131,124,110,91,71
0054,NP,3,7,4,11,9,4,9,8,7,6,4
0054,EPS,0.01,0.01,0.01,0.02,0.02,0.01,0.02,0.02,0.02,0.02,0.01
0054,DPS,0.01,—,—,—,—,0.01,0.01,0.01,—,—,—
0054,Div Payout,140.9,20.2,18.9,24.2,60.2,—,—,—,—,—,—
0054,Shares,476,476,476,476,476,390,476,447,337,357,342
0054,BVPS,0.21,0.21,0.21,0.20,0.19,—,—,—,—,—,—
0054,OCF,1,15,9,5,-4,2,5,6,9,—,—
0054,FCF,-1,13,3,3,-5,—,3,3,7,-1,—
0054,NP Margin,2.64,4.46,2.90,6.87,6.23,2.70,6.81,6.56,6.60,6.06,5.63
0054,ROE,3.30,6.72,4.47,11.71,10.22,4.61,11.91,12.91,14.41,12.31,9.66
0054,Revenue GR,-8.66,0.90,-3.63,14.10,2.05,1.03,5.68,12.01,20.92,—,—
0054,Revenue GR 3Y avg,—,3.52,3.36,4.52,2.65,6.15,12.70,20.23,13.19,—,—
0054,Revenue GR 5Y avg,—,2.59,3.35,5.87,6.85,13.16,11.41,15.46,—,—,—
0054,Revenue GR 10Y avg,—,6.42,8.57,—,—,—,—,—,—,—,—
0054,NP GR,—,-7.36,5.06,4.73,1.39,-21.15,17.22,26.55,41.46,—,—
0054,NP GR 3Y avg,—,-4.13,-9.31,6.57,7.33,-2.26,28.19,17.99,—,—,—
0054,NP GR 5Y avg,—,9.08,1.94,—,—,—,—,—,—,—,—
0054,NP GR 10Y avg,0.0,0.0,0.0,0.0,0.0,0.0,0.0,0.0,0.0,0.0,0.0
0054,EPS GR,-18.18,54.84,-59.21,25.97,35.10,-50.85,3.08,-15.93,39.06,—,—
0054,EPS GR 3Y avg,—,-7.34,0.25,4.75,-0.08,-24.76,6.42,15.67,34.22,—,—
0054,EPS GR 5Y avg,—,-4.11,-10.16,0.87,2.48,-4.75,15.95,6.70,—,—,—
0054,EPS GR 10Y avg,—,4.33,-3.02,—,—,—,—,—,—,—,—
0054,OCF GR,—,74.64,73.70,—,—,-67.74,-21.93,-31.45,—,—,—
0054,FCF GR,—,273.59,5.88,—,—,—,22.03,-64.27,—,—,—
0054,D/E,0.07,0.07,0.08,0.05,0.07,—,—,0.01,0.01,0.02,0.03
0054,Price,0.2250,0.2250,0.1300,0.1300,0.1750,0.2800,0.1800,0.2300,0.3450,0.1700,0.1700
0058,Year End,TTM,2020-12,2019-12,2018-12,2017-12,2016-12,2015-12,2014-12,2013-12,2012-12,2011-12
0058,Revenue,5,6,9,8,9,7,7,22,9,161,140
0058,NP,9,6,10,10,7,11,26,"1,951",61,58,43
0058,EPS,0.06,0.05,0.08,0.07,0.05,0.08,0.18,14.48,0.48,0.45,0.33
0058,DPS,0.04,0.04,0.04,0.04,0.02,0.02,0.14,0.38,0.31,0.14,0.18
0058,Div Payout,62.2,86.5,48.8,68.0,34.2,32.3,78.9,949.4,53.6,30.7,43.5
0058,Shares,134,134,137,139,140,140,140,135,129,130,130
0058,BVPS,2.52,2.35,2.43,23.71,2.40,2.28,2.16,1.82,1.88,1.70,1.31
0058,OCF,-4,-4,-3,-4,-6,-6,-25,69,63,53,50
0058,FCF,-4,-4,-3,-4,-6,-6,-25,68,59,50,47
0058,NP Margin,159.85,107.20,118.99,118.28,71.88,160.85,386.32,—,717.45,36.28,31.00
0058,ROE,2.63,1.99,3.15,2.98,2.05,3.57,8.81,743.08,26.47,29.04,24.48
0058,Revenue GR,-44.73,-30.56,3.57,-11.78,34.38,6.62,-69.36,152.33,-94.68,14.97,19.43
0058,Revenue GR 3Y avg,—,-14.07,7.08,8.12,-24.00,-6.23,-65.47,-46.35,-58.19,20.31,10.98
0058,Revenue GR 5Y avg,—,-1.89,-16.70,-0.46,-43.23,-44.97,-43.71,-25.22,-39.12,14.12,16.30
0058,Revenue GR 10Y avg,—,-25.68,-21.07,-22.15,-19.51,-20.00,—,—,—,—,—
0058,NP GR,—,-1.82,-3.16,-27.13,-84.82,-43.04,-24.04,255.66,14.44,28.20,9.74
0058,NP GR 3Y avg,—,-24.08,-64.96,-30.59,-34.91,-23.51,-9.00,134.19,13.36,15.09,14.84
0058,NP GR 5Y avg,—,-16.88,-9.41,-11.30,-13.45,-6.28,—,—,—,—,—
0058,NP GR 10Y avg,0.0,0.0,0.0,0.0,0.0,0.0,0.0,0.0,0.0,0.0,0.0
0058,EPS GR,124.43,-36.42,5.89,46.11,-39.90,-55.56,-98.74,—,6.58,34.74,5.14
0058,EPS GR 3Y avg,—,-0.55,-2.40,-26.92,-85.01,-44.60,-25.84,251.80,14.72,26.80,8.79
0058,EPS GR 5Y avg,—,-23.46,-65.05,-31.64,-35.82,-24.57,-10.39,131.08,13.08,14.56,14.07
0058,EPS GR 10Y avg,—,-17.18,-10.13,-12.08,-14.25,-7.24,—,—,—,—,—
0058,OCF GR,—,—,—,—,—,—,—,9.50,17.96,6.93,16.04
0058,FCF GR,—,—,—,—,—,—,—,14.44,17.23,7.56,14.99
0058,D/E,—,—,—,—,—,—,—,—,—,—,—
0058,Price,1.2900,1.4000,1.4500,1.4800,1.7500,1.7000,1.9800,0.4700,2.4800,2.2000,2.2300
0065,Year End,TTM,2020-12,2019-12,2018-12,2017-12,2016-12,2015-12,2014-12,2013-12,2012-12,2011-12
0065,Revenue,35,31,23,23,23,22,25,22,21,18,16
0065,NP,13,11,6,7,6,6,8,9,7,5,6
0065,EPS,0.02,0.02,0.01,0.01,0.01,0.01,0.02,0.02,0.02,0.01,0.01
0065,DPS,0.01,0.01,0.01,0.01,0.01,0.01,0.01,0.01,0.02,0.01,0.01
0065,Div Payout,42.9,54.9,127.6,62.0,79.4,105.3,79.1,42.6,135.6,78.7,74.5
0065,Shares,558,562,468,620,558,537,414,414,414,414,414
0065,BVPS,0.17,0.17,0.20,0.12,0.11,0.11,0.11,0.10,0.09,0.10,0.09
0065,OCF,22,17,-23,13,8,11,6,4,6,7,6
0065,FCF,18,13,-37,2,4,8,6,-4,6,6,5
0065,NP Margin,37.63,34.30,28.18,29.02,27.59,25.05,29.87,39.44,33.94,28.65,37.62
0065,ROE,13.92,11.37,9.01,14.20,13.74,12.59,17.46,21.12,17.60,13.46,16.42
0065,Revenue GR,50.47,36.68,0.11,0.09,1.98,-11.11,15.57,6.05,12.33,14.39,19.95
0065,Revenue GR 3Y avg,—,11.05,0.72,-3.19,1.57,2.90,11.25,10.87,15.51,14.86,11.81
0065,Revenue GR 5Y avg,—,4.42,0.98,2.15,4.53,6.96,13.57,12.54,12.42,9.09,24.02
0065,Revenue GR 10Y avg,—,8.90,6.60,7.16,6.79,15.17,—,—,—,—,—
0065,NP GR,—,19.41,4.75,-4.12,-9.84,-7.01,12.81,12.63,9.30,-5.10,5.01
0065,NP GR 3Y avg,—,7.35,-5.59,-1.00,3.75,-1.40,7.09,6.99,6.07,-2.09,26.08
0065,NP GR 5Y avg,—,7.22,0.50,2.47,0.79,11.50,—,—,—,—,—
0065,NP GR 10Y avg,0.0,0.0,0.0,0.0,0.0,0.0,0.0,0.0,0.0,0.0,0.0
0065,EPS GR,140.00,38.41,28.97,-5.31,-16.91,-25.48,-12.47,23.01,33.46,-13.04,8.87
0065,EPS GR 3Y avg,—,19.12,0.49,-16.30,-18.47,-7.08,12.85,12.60,8.11,-20.56,-11.82
0065,EPS GR 5Y avg,—,0.91,-7.92,-8.79,-2.31,-1.42,6.35,-3.82,-4.46,-11.25,13.23
0065,EPS GR 10Y avg,—,3.60,-5.89,-6.65,-6.89,5.65,—,—,—,—,—
0065,OCF GR,—,—,—,59.96,-20.34,67.09,40.87,-27.23,-17.59,24.70,11.98
0065,FCF GR,—,—,—,-49.97,-50.95,34.41,—,—,-12.04,35.05,-1.55
0065,D/E,0.01,0.01,—,—,0.07,0.09,0.12,0.15,—,0.01,0.02
0065,Price,0.4600,0.4600,0.5150,0.4650,1.6000,1.1900,0.8500,0.5200,0.5550,0.2800,0.2900
0078,Year End,TTM,2020-06,2019-06,2018-06,2017-06,2016-06,2015-06,2014-06,2013-06,2012-06,2011-06
0078,Revenue,429,364,314,293,251,220,197,159,135,116,93
0078,NP,27,19,32,24,37,34,28,23,14,9,7
0078,EPS,—,—,0.01,—,0.01,0.01,0.01,—,—,—,—
0078,DPS,—,—,—,—,—,—,—,—,—,—,—
0078,Div Payout,40.8,67.5,39.2,52.1,35.9,40.2,41.2,30.9,29.5,39.8,—
0078,Shares,"5,640","5,640","5,616","5,836","5,687","5,182","4,727","4,771","4,641","4,582","4,444"
0078,BVPS,0.09,0.08,0.09,0.08,0.07,0.07,0.03,0.02,0.01,0.01,—
0078,OCF,94,55,26,27,32,42,21,27,18,15,8
0078,FCF,85,44,—,18,15,37,14,23,13,7,3
0078,NP Margin,6.38,5.09,10.34,8.06,14.70,15.67,14.38,14.73,10.07,7.52,7.50
0078,ROE,5.72,3.85,6.99,5.40,9.06,13.04,23.71,28.79,23.22,17.67,15.66
0078,Revenue GR,25.21,15.98,7.12,16.96,13.99,11.69,23.97,17.42,16.19,24.98,—
0078,Revenue GR 3Y avg,—,13.27,12.62,14.19,16.43,17.59,19.15,19.47,18.20,15.71,—
0078,Revenue GR 5Y avg,—,13.09,14.61,16.74,16.58,18.75,19.18,16.14,14.70,15.19,—
0078,Revenue GR 10Y avg,—,16.10,15.38,15.71,15.88,16.96,—,—,—,—,—
0078,NP GR,—,-20.46,-1.95,-5.83,16.35,36.26,47.91,49.66,31.76,61.34,—
0078,NP GR 3Y avg,—,-8.11,6.78,11.65,33.32,37.63,36.58,62.21,35.55,33.19,—
0078,NP GR 5Y avg,—,12.03,31.61,23.02,33.25,39.82,—,—,—,—,—
0078,NP GR 10Y avg,0.0,0.0,0.0,0.0,0.0,0.0,0.0,0.0,0.0,0.0,0.0
0078,EPS GR,—,-43.10,45.00,-38.46,-2.26,11.30,22.09,69.11,51.80,21.42,—
0078,EPS GR 3Y avg,—,-20.23,-4.46,-12.52,9.92,31.96,46.35,46.08,26.00,55.61,—
0078,EPS GR 5Y avg,—,-11.20,3.46,6.69,27.80,33.47,32.80,57.44,31.96,30.32,—
0078,EPS GR 10Y avg,—,8.60,27.62,18.65,29.06,36.64,—,—,—,—,—
0078,OCF GR,—,110.68,-3.23,-14.56,-24.36,96.35,-21.88,51.06,18.17,99.65,—
0078,FCF GR,—,—,—,18.11,-58.96,158.15,-37.98,77.97,90.40,170.15,—
0078,D/E,0.13,0.15,0.04,0.06,0.05,0.05,0.17,0.22,0.29,0.35,0.42
0078,Price,0.3550,0.3550,0.2650,0.4050,0.6250,1.5400,1.3700,2.1900,2.0000,1.0000,1.0100
0084,Year End,TTM,2020-12,2019-12,2018-12,2017-12,2016-12,2015-12,2014-12,2013-12,2012-12,2011-12
0084,Revenue,39,33,29,30,27,22,20,20,20,20,30
0084,NP,—,2,4,4,4,3,2,—,1,—,—
0084,EPS,—,0.01,0.02,0.02,0.02,0.01,0.01,—,—,—,—
0084,DPS,0.01,0.01,0.01,0.01,0.01,—,—,—,—,—,—
0084,Div Payout,—,68.0,71.9,57.8,42.4,34.9,—,128.2,227.3,—,—
0084,Shares,350,229,228,228,226,225,211,206,208,208,208
0084,BVPS,0.18,0.07,0.12,0.12,0.11,0.10,0.09,0.12,0.12,0.12,0.12
0084,OCF,-13,1,2,4,3,5,-1,3,3,2,6
0084,FCF,-13,1,1,3,2,4,-2,3,3,2,6
0084,NP Margin,-0.46,6.28,11.92,13.13,13.22,14.21,11.98,0.75,3.59,0.48,-0.14
0084,ROE,-0.35,6.43,13.10,15.67,14.83,14.60,13.00,0.75,2.94,0.38,-0.18
0084,Revenue GR,81.72,12.53,-2.98,13.63,18.69,14.15,-2.94,-1.02,4.35,-35.17,1.13
0084,Revenue GR 3Y avg,—,7.45,9.38,15.47,9.56,3.12,0.08,-12.51,-11.88,16.88,-2.10
0084,Revenue GR 5Y avg,—,10.94,7.71,8.14,6.32,-5.80,-8.05,10.52,-8.69,-10.94,-1.22
0084,Revenue GR 10Y avg,—,1.00,9.11,-0.63,-2.69,-3.53,—,—,—,—,—
0084,NP GR,—,-16.18,3.16,19.06,185.76,63.15,191.85,—,-33.64,—,—
0084,NP GR 3Y avg,—,-2.51,87.53,40.18,106.09,—,-1.29,—,—,-54.40,—
0084,NP GR 5Y avg,—,-1.90,—,—,-3.05,-6.13,—,—,—,—,—
0084,NP GR 10Y avg,0.0,0.0,0.0,0.0,0.0,0.0,0.0,0.0,0.0,0.0,0.0
0084,EPS GR,-290.32,-40.91,-11.49,11.54,9.47,27.52,—,-78.72,683.33,—,—
0084,EPS GR 3Y avg,—,-16.45,2.62,15.90,175.01,59.30,191.75,—,-33.52,—,—
0084,EPS GR 5Y avg,—,-4.02,83.02,37.62,103.23,—,-1.41,—,—,-54.57,—
0084,EPS GR 10Y avg,—,-2.73,—,—,-3.91,-6.94,—,—,—,—,—
0084,OCF GR,—,-26.37,-56.51,44.48,-43.09,—,—,-2.25,58.86,-68.96,109.11
0084,FCF GR,—,-30.94,-64.24,87.54,-57.41,—,—,-1.97,98.12,-74.49,121.28
0084,D/E,0.01,0.01,0.01,0.02,0.03,0.02,0.01,0.02,0.02,—,0.04
0084,Price,0.4250,0.4650,0.5100,0.3200,0.6050,0.1900,0.2300,0.1650,0.1350,0.1200,0.1300
0090,Year End,TTM,2020-12,2019-12,2018-12,2017-12,2016-12,2015-12,2014-12,2013-12,2012-12,2011-12
0090,Revenue,18,18,34,78,64,64,50,45,25,19,13
0090,NP,1,1,17,40,30,31,26,20,11,7,5
0090,EPS,—,—,0.03,0.06,0.04,0.05,0.04,0.03,0.02,0.01,0.01
0090,DPS,0.01,0.01,0.04,0.05,0.03,0.03,0.03,0.01,0.01,—,—
0090,Div Payout,666.6,141.5,151.0,63.4,63.1,56.6,53.6,41.6,46.7,27.3,46.1
0090,Shares,672,672,670,670,666,657,652,652,652,652,652
0090,BVPS,0.15,0.16,0.16,0.17,0.16,0.14,0.13,0.11,0.09,0.08,0.07
0090,OCF,8,6,14,48,29,32,18,14,11,5,1
0090,FCF,7,5,12,47,29,32,17,13,6,-1,1
0090,NP Margin,5.56,3.58,50.68,50.88,46.36,48.89,52.36,44.60,42.92,35.29,39.03
0090,ROE,0.96,0.62,15.49,36.09,29.02,34.28,33.21,29.98,18.65,12.50,10.08
0090,Revenue GR,-6.47,-45.97,-57.07,21.45,1.16,27.89,10.19,79.01,34.44,48.25,12.28
0090,Revenue GR 3Y avg,—,-34.44,-19.21,16.25,12.54,36.13,38.41,52.80,30.80,47.21,-8.34
0090,Revenue GR 5Y avg,—,-18.28,-5.76,25.38,27.96,38.12,34.58,50.33,8.95,4.61,-11.96
0090,Revenue GR 10Y avg,—,4.87,19.02,16.88,15.70,10.28,—,—,—,—,—
0090,NP GR,—,-72.09,-18.23,15.15,14.01,42.18,57.87,59.75,40.21,59.48,-9.47
0090,NP GR 3Y avg,—,-52.22,-3.32,29.73,35.14,44.49,46.00,65.29,10.22,-0.99,-17.45
0090,NP GR 5Y avg,—,-16.48,26.41,19.57,15.67,9.21,—,—,—,—,—
0090,NP GR 10Y avg,0.0,0.0,0.0,0.0,0.0,0.0,0.0,0.0,0.0,0.0,0.0
0090,EPS GR,250.00,-96.06,-57.24,32.49,-5.37,18.52,29.41,86.05,63.31,34.23,25.77
0090,EPS GR 3Y avg,—,-71.85,-18.76,14.12,13.22,41.84,57.83,59.77,40.22,59.55,-9.42
0090,EPS GR 5Y avg,—,-52.18,-3.84,29.04,34.55,44.29,46.02,65.30,10.25,-0.90,-17.45
0090,EPS GR 10Y avg,—,-16.44,26.08,19.28,15.47,9.14,—,—,—,—,—
0090,OCF GR,—,-56.85,-70.93,66.74,-10.09,80.26,27.14,28.64,114.61,246.31,-23.58
0090,FCF GR,—,-53.25,-75.17,64.73,-9.04,80.67,31.26,105.04,—,—,-18.69
0090,D/E,—,—,—,—,—,—,—,—,—,—,—
0090,Price,0.6850,0.7950,0.8300,1.0900,2.7000,1.4200,1.8900,1.3700,0.7100,0.3700,0.4400
0097,Year End,TTM,2020-12,2019-12,2018-12,2017-12,2016-12,2015-12,2014-12,2013-12,2012-12,2011-12
0097,Revenue,510,470,340,395,327,234,160,170,106,89,79
0097,NP,115,106,80,105,83,65,44,49,24,20,22
0097,EPS,0.24,0.22,0.17,0.22,0.18,0.14,0.09,0.11,0.05,0.04,0.05
0097,DPS,0.05,0.05,0.06,0.05,0.04,0.01,0.01,0.01,0.01,—,0.01
0097,Div Payout,18.6,22.2,29.7,21.9,18.8,8.5,12.0,8.5,13.2,5.7,21.6
0097,Shares,472,472,472,472,471,470,468,465,462,463,463
0097,BVPS,1.27,1.15,0.97,0.83,0.67,0.53,0.43,0.35,0.28,0.25,0.16
0097,OCF,89,98,86,47,67,80,14,34,8,3,10
0097,FCF,83,94,74,19,20,21,9,28,2,-1,-6
0097,NP Margin,22.60,22.45,23.45,26.73,25.35,27.71,27.65,28.90,22.68,23.06,28.06
0097,ROE,20.86,20.09,17.78,28.37,28.04,27.55,23.10,32.09,19.59,19.38,25.66
0097,Revenue GR,43.85,38.51,-13.96,20.52,39.94,46.00,-5.68,60.16,19.39,12.21,-9.60
0097,Revenue GR 3Y avg,—,12.83,13.21,35.04,24.44,30.17,21.73,28.98,6.59,69.86,44.20
0097,Revenue GR 5Y avg,—,24.03,14.85,30.05,29.80,24.20,12.84,56.44,32.06,19.70,26.97
0097,Revenue GR 10Y avg,—,18.30,34.04,31.05,24.65,25.58,—,—,—,—,—
0097,NP GR,—,8.36,7.09,33.51,19.13,39.16,29.33,30.25,-8.89,119.38,38.73
0097,NP GR 3Y avg,—,18.97,10.16,34.39,32.29,23.88,6.86,90.83,23.65,7.27,18.53
0097,NP GR 5Y avg,—,12.75,44.99,28.91,19.12,21.18,—,—,—,—,—
0097,NP GR 10Y avg,0.0,0.0,0.0,0.0,0.0,0.0,0.0,0.0,0.0,0.0,0.0
0097,EPS GR,45.74,32.52,-24.51,26.83,27.66,45.91,-10.33,102.79,17.63,-7.91,3.56
0097,EPS GR 3Y avg,—,8.26,6.92,33.18,18.65,38.44,28.85,29.99,3.90,118.65,38.98
0097,EPS GR 5Y avg,—,18.77,9.85,33.85,31.85,23.51,15.32,90.26,23.80,7.35,18.65
0097,EPS GR 10Y avg,—,17.03,44.57,28.72,18.97,21.06,—,—,—,—,—
0097,OCF GR,—,13.31,82.43,-29.13,-16.90,473.29,-59.29,332.79,158.47,-70.67,-49.77
0097,FCF GR,—,25.60,287.98,-5.15,-4.18,142.98,-69.15,—,—,—,—
0097,D/E,0.05,0.06,0.09,0.13,0.17,0.10,0.01,0.02,0.08,0.10,0.08
0097,Price,14.9400,14.7000,7.9200,6.2900,6.2100,3.7100,3.4400,2.2700,1.2300,0.6500,0.8700
0099,Year End,TTM,2020-06,2019-06,2018-06,2017-06,2016-06,2015-06,2014-06,2013-06,2012-06,2011-06
0099,Revenue,203,181,161,165,199,196,177,160,134,131,141
0099,NP,24,22,20,32,45,42,35,23,15,14,13
0099,EPS,0.07,0.06,0.06,0.09,0.13,0.11,0.10,0.07,0.04,0.04,0.04
0099,DPS,0.05,0.05,0.07,0.09,0.09,0.08,0.07,0.06,0.03,0.03,0.02
0099,Div Payout,73.8,79.1,154.6,84.4,68.5,71.1,81.3,67.6,65.8,65.2,—
0099,Shares,356,355,355,355,355,355,355,355,355,355,355
0099,BVPS,0.30,0.29,0.27,0.30,0.29,0.25,0.22,0.20,0.18,0.17,—
0099,OCF,32,26,22,56,37,51,33,36,13,16,19
0099,FCF,22,17,16,49,30,41,23,32,5,9,17
0099,NP Margin,11.88,12.16,12.54,19.49,22.76,21.37,19.62,14.49,11.10,10.47,9.42
0099,ROE,22.97,21.85,19.72,30.33,45.43,48.18,45.33,32.47,21.99,22.04,23.69
0099,Revenue GR,16.04,12.52,-2.50,-17.14,1.63,11.01,10.42,19.65,2.00,-6.92,—
0099,Revenue GR 3Y avg,—,-3.13,-6.36,-2.23,7.60,13.62,10.45,4.34,2.95,-3.20,—
0099,Revenue GR 5Y avg,—,0.50,0.13,4.31,8.74,6.84,7.59,2.05,2.50,3.78,—
0099,Revenue GR 10Y avg,—,3.99,1.09,3.40,6.23,9.68,—,—,—,—,—
0099,NP GR,—,-21.39,-21.60,-2.44,25.08,41.35,36.19,20.43,21.22,16.44,—
0099,NP GR 3Y avg,—,-8.67,-2.72,16.75,27.01,25.86,33.00,21.67,19.65,3.95,—
0099,NP GR 5Y avg,—,10.22,8.79,18.19,14.90,16.52,—,—,—,—,—
0099,NP GR 10Y avg,0.0,0.0,0.0,0.0,0.0,0.0,0.0,0.0,0.0,0.0,0.0
0099,EPS GR,18.18,8.96,-37.20,-29.05,8.22,20.90,49.58,56.29,7.97,3.41,—
0099,EPS GR 3Y avg,—,-21.40,-21.58,-2.45,25.08,41.39,36.16,20.40,20.71,15.91,—
0099,EPS GR 5Y avg,—,-8.68,-2.70,16.76,26.99,25.84,32.68,21.32,19.44,3.71,—
0099,EPS GR 10Y avg,—,10.08,8.65,18.09,14.76,15.20,—,—,—,—,—
0099,OCF GR,—,17.40,-60.32,53.39,-28.96,54.37,-6.67,180.26,-18.62,-19.26,—
0099,FCF GR,—,6.65,-67.24,60.37,-27.01,78.03,-26.11,488.94,-43.13,-43.29,—
0099,D/E,0.31,0.02,—,—,—,—,—,—,—,—,—
0099,Price,1.2200,0.9400,0.8200,1.9900,2.3000,2.2700,2.0400,1.0800,0.4800,0.3600,0.3900
0100,Year End,TTM,2020-05,2019-05,2018-05,2017-05,2016-05,2015-05,2014-05,2013-05,2012-05,2011-05
0100,Revenue,59,35,32,25,33,30,25,25,17,20,21
0100,NP,15,2,1,—,6,7,6,3,1,1,-5
0100,EPS,0.03,0.01,—,—,0.02,0.02,0.01,0.01,—,—,-0.02
0100,DPS,0.01,—,—,—,—,—,—,—,—,—,—
0100,Div Payout,19.1,34.6,—,57.1,15.7,—,—,—,—,—,—
0100,Shares,465,411,411,411,411,382,376,340,340,340,287
0100,BVPS,0.15,0.13,0.12,0.12,0.12,0.10,0.08,0.07,0.06,0.06,—
0100,OCF,34,5,—,3,5,9,7,7,3,8,3
0100,FCF,33,4,-4,—,1,6,6,7,3,8,3
0100,NP Margin,26.00,6.47,2.42,0.93,19.02,24.25,22.41,10.62,6.96,5.30,-25.57
0100,ROE,23.58,4.42,1.58,0.47,13.64,19.21,19.92,11.91,5.98,5.92,-30.75
0100,Revenue GR,152.61,8.46,28.99,-24.29,11.07,20.04,1.13,43.68,-13.91,-3.92,—
0100,Revenue GR 3Y avg,—,1.93,2.74,0.31,10.47,20.37,7.75,5.92,-11.89,2.16,—
0100,Revenue GR 5Y avg,—,7.15,5.66,7.96,10.77,7.61,-0.12,5.69,-3.65,3.00,—
0100,Revenue GR 10Y avg,—,3.45,5.67,1.99,6.81,13.03,—,—,—,—,—
0100,NP GR,—,-28.83,-52.34,-65.29,34.14,82.50,74.19,—,-15.67,—,—
0100,NP GR 3Y avg,—,-16.42,-21.40,-27.84,43.00,—,22.92,—,4.78,-9.44,—
0100,NP GR 5Y avg,—,1.36,—,-13.05,13.80,14.38,—,—,—,—,—
0100,NP GR 10Y avg,0.0,0.0,0.0,0.0,0.0,0.0,0.0,0.0,0.0,0.0,0.0
0100,EPS GR,—,192.11,245.45,-96.43,-19.08,27.73,93.51,120.00,12.90,—,—
0100,EPS GR 3Y avg,—,-28.84,-53.61,-66.70,25.99,75.85,68.76,—,-7.17,—,—
0100,EPS GR 5Y avg,—,-17.92,-24.41,-30.93,37.79,—,27.77,—,-4.68,-17.73,—
0100,EPS GR 10Y avg,—,2.41,—,-18.86,6.47,6.94,—,—,—,—,—
0100,OCF GR,—,—,—,-34.31,-40.39,30.48,-7.31,122.49,-58.82,122.41,—
0100,FCF GR,—,—,—,-97.42,-79.29,3.65,-13.06,118.53,-58.77,122.62,—
0100,D/E,0.01,0.01,0.01,—,—,—,0.01,0.02,0.05,0.22,0.13
0100,Price,0.8250,0.4650,0.1350,0.2000,0.4000,0.5400,0.2750,0.1100,0.0900,0.0900,0.0900
0101,Year End,TTM,2019-08,2018-08,2017-08,2016-05,2015-05,2014-05,2013-05,2012-05,2011-05,2009-12
0101,Revenue,206,195,169,152,128,103,86,72,62,81,47
0101,NP,22,21,28,26,15,10,6,11,-6,-35,-9
0101,EPS,0.01,0.01,0.02,0.01,0.01,0.01,0.01,0.01,-0.01,-0.06,-0.01
0101,DPS,—,—,—,—,—,—,—,—,—,—,—
0101,Div Payout,15.6,—,—,—,—,—,—,—,—,—,—
0101,Shares,"1,740","1,738","1,788","1,885","2,535",985,"1,204","1,204",867,602,655
0101,BVPS,0.45,—,—,—,—,—,—,—,—,—,—
0101,OCF,54,30,26,10,36,11,12,8,-4,6,13
0101,FCF,-116,-31,-9,-5,7,-1,8,4,-5,-1,-32
0101,NP Margin,10.88,10.73,16.44,17.16,11.66,9.62,7.47,15.34,-10.36,—,-18.65
0101,ROE,2.94,2.78,3.82,3.71,3.18,4.54,4.84,8.81,-6.89,—,-8.10
0101,Revenue GR,-8.57,15.35,11.42,14.75,23.76,19.30,19.76,16.52,-23.09,—,—
0101,Revenue GR 3Y avg,—,13.90,16.38,18.84,20.92,18.52,2.38,15.10,16.73,—,—
0101,Revenue GR 5Y avg,—,16.73,17.57,18.57,9.64,16.46,17.16,18.04,—,—,—
0101,Revenue GR 10Y avg,—,16.97,17.83,—,—,—,—,—,—,—,—
0101,NP GR,—,11.01,37.23,53.47,10.36,—,—,29.20,—,—,—
0101,NP GR 3Y avg,—,25.07,19.13,—,—,17.25,-5.59,3.00,—,—,—
0101,NP GR 5Y avg,—,7.15,9.97,—,—,—,—,—,—,—,—
0101,NP GR 10Y avg,0.0,0.0,0.0,0.0,0.0,0.0,0.0,0.0,0.0,0.0,0.0
0101,EPS GR,-58.70,-22.58,12.32,97.12,-41.58,87.04,-41.30,—,—,—,—
0101,EPS GR 3Y avg,—,24.40,14.06,33.41,-13.76,—,—,8.80,—,—,—
0101,EPS GR 5Y avg,—,16.41,10.44,—,—,7.53,-29.19,-23.20,—,—,—
0101,EPS GR 10Y avg,—,-11.43,-9.55,—,—,—,—,—,—,—,—
0101,OCF GR,—,16.85,161.02,-64.17,233.73,-8.39,45.02,—,—,—,—
0101,FCF GR,—,—,—,—,—,—,100.71,—,—,—,—
0101,D/E,0.20,—,—,—,—,0.01,0.01,0.02,0.06,—,0.39
0101,Price,0.7300,0.4950,0.6750,0.7250,0.7450,0.7550,0.9200,0.5200,0.6950,0.3900,0.3850
0106,Year End,TTM,2020-06,2019-06,2018-06,2017-06,2016-06,2015-06,2014-06,2013-06,2012-06,2011-06
0106,Revenue,25,25,23,21,21,19,17,12,14,13,15
0106,NP,10,10,8,8,8,7,5,3,5,3,5
0106,EPS,0.06,0.05,0.04,0.04,0.04,0.04,0.03,0.02,0.03,0.02,0.02
0106,DPS,0.04,0.03,0.03,0.03,0.03,0.02,0.01,0.04,0.02,0.02,0.02
0106,Div Payout,71.6,66.7,76.5,72.1,72.3,50.8,64.1,186.9,180.2,—,—
0106,Shares,174,175,178,178,178,180,181,182,184,185,186
0106,BVPS,0.24,0.21,0.20,0.19,0.18,0.17,0.15,0.15,0.17,0.18,—
0106,OCF,10,9,6,8,7,9,3,3,4,4,6
0106,FCF,8,8,5,8,7,9,2,2,4,3,6
0106,NP Margin,40.88,37.97,34.73,37.35,36.69,36.64,31.31,28.40,34.51,25.38,29.70
0106,ROE,26.34,24.38,21.50,22.43,22.80,22.09,18.60,11.55,15.19,10.90,14.67
0106,Revenue GR,-2.77,10.28,8.01,2.24,9.94,10.08,41.79,-12.95,2.69,-13.19,—
0106,Revenue GR 3Y avg,—,6.79,6.68,7.36,19.72,10.76,8.22,-8.11,-7.74,-11.62,—
0106,Revenue GR 5Y avg,—,8.07,13.64,8.84,8.93,3.90,-0.62,-9.21,-10.48,-8.50,—
0106,Revenue GR 10Y avg,—,3.63,1.58,-1.29,-0.16,0.53,—,—,—,—,—
0106,NP GR,—,8.02,4.79,13.86,30.40,12.99,16.07,-9.47,-9.44,-22.02,—
0106,NP GR 3Y avg,—,12.32,18.30,10.57,17.27,8.36,-3.62,-13.86,-13.02,-18.12,—
0106,NP GR 5Y avg,—,4.05,0.95,-1.93,-2.01,0.37,—,—,—,—,—
0106,NP GR 10Y avg,0.0,0.0,0.0,0.0,0.0,0.0,0.0,0.0,0.0,0.0,0.0
0106,EPS GR,8.04,25.00,—,—,—,36.05,57.22,-27.52,40.22,-25.51,—
0106,EPS GR 3Y avg,—,7.72,—,10.81,28.85,15.74,16.91,-8.86,-8.88,-21.41,—
0106,EPS GR 5Y avg,—,11.21,16.42,9.17,16.80,10.12,-2.92,-13.18,-12.53,-17.72,—
0106,EPS GR 10Y avg,—,3.90,0.54,-2.28,-1.97,-0.25,—,—,—,—,—
0106,OCF GR,—,49.05,-25.21,9.68,-24.82,231.03,-14.53,-22.75,3.03,-28.71,—
0106,FCF GR,—,73.03,-35.88,9.48,-24.14,506.40,-22.94,-51.46,18.57,-42.58,—
0106,D/E,—,—,—,—,—,—,—,—,—,—,—
0106,Price,0.9600,0.5850,0.6850,0.6450,0.8650,0.5200,0.4050,0.3800,0.2500,0.2800,0.3200
0108,Year End,TTM,2020-12,2019-12,2018-12,2017-12,2016-12,2015-12,2014-12,2013-12,2012-12,2011-12
0108,Revenue,117,112,105,108,97,42,39,34,31,27,21
0108,NP,31,27,16,13,24,12,9,7,6,2,-1
0108,EPS,0.06,0.05,0.03,0.02,0.05,0.02,0.02,0.02,0.02,0.01,-0.01
0108,DPS,0.03,0.03,0.01,0.04,0.01,0.02,0.01,0.02,—,—,—
0108,Div Payout,45.1,27.4,76.9,102.4,23.5,87.3,61.4,119.5,—,—,—
0108,Shares,563,558,559,534,507,504,484,442,331,309,298
0108,BVPS,0.49,0.48,0.46,0.47,0.40,0.37,0.35,0.37,0.16,0.16,0.14
0108,OCF,50,36,12,17,39,13,14,11,10,22,-7
0108,FCF,36,26,1,11,31,4,4,4,3,-4,-11
0108,NP Margin,26.68,24.11,14.93,12.17,24.65,28.09,24.08,20.57,19.29,6.72,-7.13
0108,ROE,11.57,10.43,6.21,6.01,13.03,6.62,5.60,6.79,13.54,4.55,-3.74
0108,Revenue GR,15.89,6.93,-2.80,11.13,132.65,7.49,13.62,9.30,17.72,28.43,38.60
0108,Revenue GR 3Y avg,—,4.93,35.96,40.60,41.64,10.11,13.49,18.23,27.97,29.44,-2.54
0108,Revenue GR 5Y avg,—,23.64,25.14,28.11,29.60,15.08,21.08,22.78,6.96,-3.67,4.16
0108,Revenue GR 10Y avg,—,22.35,23.96,17.06,11.73,9.48,—,—,—,—,—
0108,NP GR,—,4.16,10.12,11.99,50.45,24.80,73.65,—,—,—,—
0108,NP GR 3Y avg,—,23.67,17.38,16.83,68.05,—,—,—,51.53,-38.73,—
0108,NP GR 5Y avg,—,—,—,33.06,1.47,1.53,—,—,—,—,—
0108,NP GR 10Y avg,0.0,0.0,0.0,0.0,0.0,0.0,0.0,0.0,0.0,0.0,0.0
0108,EPS GR,152.73,72.60,14.23,-47.99,103.88,20.21,21.38,-13.11,215.52,—,—
0108,EPS GR 3Y avg,—,0.84,6.60,8.42,43.82,8.23,49.29,—,—,—,—
0108,EPS GR 5Y avg,—,20.24,12.06,6.10,52.16,—,—,—,49.97,-38.25,—
0108,EPS GR 10Y avg,—,—,—,26.14,-3.07,-3.83,—,—,—,—,—
0108,OCF GR,—,207.36,-32.42,-55.66,192.71,-4.90,23.41,12.26,-54.00,—,—
0108,FCF GR,—,—,-85.87,-66.38,756.92,-17.86,1.38,55.61,—,—,—
0108,D/E,0.01,0.02,0.06,0.08,0.15,0.02,0.02,0.03,0.29,0.41,—
0108,Price,0.7100,0.7200,0.7150,1.0500,0.9200,0.7550,0.9800,0.8950,0.4950,0.4600,0.2600
0112,Year End,TTM,2020-06,2019-06,2018-06,2017-06,2016-06,2015-06,2014-06,2013-06,2012-06,2011-06
0112,Revenue,55,50,41,48,50,48,39,30,28,26,24
0112,NP,4,3,4,6,11,10,8,6,5,5,3
0112,EPS,0.01,0.01,0.01,0.01,0.03,0.02,0.02,0.01,0.01,0.01,0.01
0112,DPS,—,—,0.01,0.01,0.01,0.01,0.01,0.05,0.01,0.01,0.01
0112,Div Payout,7.2,40.0,125.0,81.9,30.9,48.6,50.6,—,33.0,96.2,—
0112,Shares,608,573,433,425,425,416,393,389,392,385,368
0112,BVPS,0.17,0.16,0.14,0.14,0.13,0.12,0.09,0.08,0.08,0.07,—
0112,OCF,3,10,3,2,15,10,10,4,8,4,4
0112,FCF,5,6,-3,-1,12,-4,6,1,5,2,2
0112,NP Margin,7.72,6.24,10.26,12.51,21.61,21.50,21.18,18.38,16.50,18.62,14.43
0112,ROE,4.29,4.01,7.11,10.09,19.40,22.97,24.07,18.83,17.25,19.11,14.08
0112,Revenue GR,44.67,22.59,-13.94,-5.17,4.76,23.42,28.30,8.26,8.68,9.69,—
0112,Revenue GR 3Y avg,—,0.02,-5.09,7.03,18.37,19.68,14.71,8.88,11.53,19.17,—
0112,Revenue GR 5Y avg,—,5.28,6.24,11.23,14.31,15.37,14.02,14.77,10.91,17.10,—
0112,Revenue GR 10Y avg,—,9.56,10.43,11.07,15.70,15.93,—,—,—,—,—
0112,NP GR,—,-33.90,-25.82,-10.21,24.94,30.72,19.76,18.01,7.72,14.70,—
0112,NP GR 3Y avg,—,-17.56,-5.44,5.24,17.77,24.94,17.39,11.88,6.90,11.92,—
0112,NP GR 5Y avg,—,-1.62,2.85,6.06,14.80,13.62,—,—,—,—,—
0112,NP GR 10Y avg,0.0,0.0,0.0,0.0,0.0,0.0,0.0,0.0,0.0,0.0,0.0
0112,EPS GR,400.00,-43.88,-30.50,-44.08,1.44,18.37,47.49,20.56,-8.49,39.80,—
0112,EPS GR 3Y avg,—,-39.80,-26.67,-12.43,20.99,28.16,17.62,15.54,5.26,12.57,—
0112,EPS GR 5Y avg,—,-23.51,-7.20,3.61,14.34,21.91,15.71,9.49,4.70,10.71,—
0112,EPS GR 10Y avg,—,-5.92,0.80,4.15,12.51,8.55,—,—,—,—,—
0112,OCF GR,—,218.60,27.55,-84.15,45.28,5.60,120.22,-42.59,90.98,2.76,—
0112,FCF GR,—,—,—,—,—,—,516.82,-78.58,192.54,-5.39,—
0112,D/E,0.09,0.09,0.15,0.16,0.16,0.19,0.02,0.01,0.01,0.01,0.02
0112,Price,0.2450,0.1900,0.2150,0.2900,0.7400,0.4450,0.3750,0.2500,0.2150,0.1900,0.2300
0113,Year End,TTM,2020-12,2019-12,2018-12,2017-12,2016-12,2015-12,2014-12,2013-12,2012-12,2011-12
0113,Revenue,25,23,43,48,76,36,31,40,27,16,19
0113,NP,3,2,8,9,21,10,8,10,5,-3,—
0113,EPS,0.01,0.01,0.04,0.04,0.10,0.05,0.04,0.05,0.02,-0.02,—
0113,DPS,0.01,0.02,0.02,0.02,0.02,0.02,0.02,0.01,—,—,—
0113,Div Payout,71.9,109.3,71.4,28.9,15.5,42.0,35.8,16.7,—,—,—
0113,Shares,200,199,199,201,202,202,203,204,204,204,204
0113,BVPS,0.31,0.30,0.30,0.29,0.29,0.19,0.17,0.15,0.11,0.09,0.09
0113,OCF,10,-1,9,7,14,7,7,9,6,1,—
0113,FCF,10,-2,9,6,14,7,7,8,6,1,—
0113,NP Margin,11.14,8.11,17.62,18.76,27.86,26.75,25.83,26.34,18.82,-19.17,0.29
0113,ROE,4.63,3.05,12.73,15.50,42.35,24.78,24.17,38.74,25.02,-16.99,0.28
0113,Revenue GR,36.18,-47.23,-10.11,-36.69,112.37,13.72,-21.17,48.80,64.08,-13.17,-27.26
0113,Revenue GR 3Y avg,—,-33.03,6.52,15.20,23.94,10.08,24.39,28.46,1.20,36.56,10.43
0113,Revenue GR 5Y avg,—,-6.22,1.62,12.39,35.98,13.70,3.98,44.12,13.92,3.84,3.56
0113,Revenue GR 10Y avg,—,-1.25,21.02,13.15,18.83,8.52,—,—,—,—,—
0113,NP GR,—,-55.62,-7.32,3.55,26.28,23.77,—,478.68,130.92,—,—
0113,NP GR 3Y avg,—,-25.62,-6.23,12.32,—,181.40,81.73,—,—,—,-37.67
0113,NP GR 5Y avg,—,16.27,—,—,83.45,32.43,—,—,—,—,—
0113,NP GR 10Y avg,0.0,0.0,0.0,0.0,0.0,0.0,0.0,0.0,0.0,0.0,0.0
0113,EPS GR,223.81,-75.85,-14.77,-57.25,121.53,18.71,-22.46,108.12,—,—,-88.00
0113,EPS GR 3Y avg,—,-55.52,-6.89,3.98,26.81,24.19,—,497.83,130.96,—,—
0113,EPS GR 5Y avg,—,-25.38,-5.77,12.65,—,187.57,81.84,—,—,—,-38.82
0113,EPS GR 10Y avg,—,16.49,—,—,83.62,32.64,—,—,—,—,—
0113,OCF GR,—,—,27.81,-50.60,108.03,-4.98,-20.63,42.51,845.61,—,—
0113,FCF GR,—,—,39.95,-55.78,111.51,-1.58,-19.31,32.41,858.71,—,—
0113,D/E,—,—,—,—,—,—,—,—,—,—,—
0113,Price,0.9250,0.7800,0.7150,0.6900,1.7400,0.5350,0.5950,0.5250,0.2050,0.0900,0.1200
0120,Year End,TTM,2020-10,2019-10,2018-10,2017-10,2016-10,2015-10,2014-10,2013-10,2012-10,2011-10
0120,Revenue,39,26,33,41,—,27,9,16,4,10,16
0120,NP,7,2,5,8,7,4,-1,1,-2,—,2
0120,EPS,0.04,0.01,0.03,0.05,0.04,0.03,—,0.01,-0.02,—,0.01
0120,DPS,0.02,0.01,0.01,—,—,—,—,—,—,—,—
0120,Div Payout,54.2,71.4,41.8,—,8.7,—,—,—,—,—,16.5
0120,Shares,181,170,167,175,165,166,166,166,166,151,151
0120,BVPS,0.30,0.24,0.24,0.22,0.16,0.13,0.12,0.11,0.11,0.12,0.13
0120,OCF,10,8,6,3,-1,3,1,—,-1,—,7
0120,FCF,1,6,5,2,-2,3,—,-1,-2,-1,7
0120,NP Margin,17.16,9.31,15.25,19.73,—,15.63,-7.04,7.70,-66.11,-4.50,12.96
0120,ROE,13.90,5.43,11.93,22.54,23.93,19.90,-3.60,7.35,-13.71,-2.32,11.10
0120,Revenue GR,76.09,-20.99,-19.68,—,—,191.15,-41.46,344.77,-62.82,-37.73,-20.48
0120,Revenue GR 3Y avg,—,—,6.57,63.71,—,96.44,-1.08,0.98,-43.11,44.81,18.90
0120,Revenue GR 5Y avg,—,22.73,15.58,62.77,—,11.90,-13.68,38.09,-17.20,0.28,19.93
0120,Revenue GR 10Y avg,—,2.93,26.34,16.09,—,15.85,—,—,—,—,—
0120,NP GR,—,-28.32,5.71,—,74.92,—,—,-15.13,—,—,—
0120,NP GR 3Y avg,—,—,32.52,—,—,16.16,—,—,—,—,50.31
0120,NP GR 5Y avg,—,0.97,—,—,36.54,32.14,—,—,—,—,—
0120,NP GR 10Y avg,0.0,0.0,0.0,0.0,0.0,0.0,0.0,0.0,0.0,0.0,0.0
0120,EPS GR,-9.95,-52.00,-35.62,16.50,54.64,—,—,—,—,—,-8.46
0120,EPS GR 3Y avg,—,-28.86,5.07,—,69.14,—,—,-15.01,—,—,—
0120,EPS GR 5Y avg,—,—,29.41,—,—,13.95,—,—,—,—,45.17
0120,EPS GR 10Y avg,—,-0.21,—,—,35.23,28.61,—,—,—,—,—
0120,OCF GR,—,24.32,123.91,—,—,163.13,—,—,—,—,—
0120,FCF GR,—,12.00,166.96,—,—,—,—,—,—,—,—
0120,D/E,—,—,—,0.01,—,0.01,0.01,—,—,0.01,0.03
0120,Price,1.3900,0.4350,0.4400,0.5200,1.1500,0.2350,0.1950,0.2450,0.5750,0.1400,0.2600
0126,Year End,TTM,2020-03,2019-03,2018-03,2017-03,2016-03,2013-12,2012-12,2011-12,2010-12,2009-12
0126,Revenue,208,221,191,206,252,236,52,43,19,22,17
0126,NP,16,10,1,-51,1,1,15,7,2,2,—
0126,EPS,0.09,0.06,0.01,-0.30,—,0.01,0.11,0.06,0.02,0.01,—
0126,DPS,0.02,—,—,—,—,—,0.07,0.01,0.01,—,0.01
0126,Div Payout,22.8,—,—,—,—,145.3,—,—,—,—,—
0126,Shares,177,172,167,168,163,151,138,128,127,127,127
0126,BVPS,0.42,0.15,0.17,0.49,0.45,0.37,—,—,—,—,—
0126,OCF,-8,23,11,5,8,5,—,—,—,—,—
0126,FCF,-8,23,10,4,-28,4,11,8,1,—,—
0126,NP Margin,7.62,4.68,0.46,-24.57,0.31,0.57,29.29,17.31,10.39,8.31,0.53
0126,ROE,24.38,36.16,3.57,-92.34,1.15,2.52,37.43,21.96,6.46,6.49,0.32
0126,Revenue GR,-1.91,16.05,-7.49,-18.30,6.73,95.71,22.70,127.98,-16.92,—,—
0126,Revenue GR 3Y avg,—,-4.28,-6.91,38.15,52.03,81.69,32.46,35.43,7.99,—,—
0126,Revenue GR 5Y avg,—,25.99,27.13,46.84,47.24,52.17,28.64,21.97,-3.23,—,—
0126,Revenue GR 10Y avg,—,27.15,24.80,22.00,—,—,—,—,—,—,—
0126,NP GR,—,136.72,-13.55,—,-41.04,-8.21,101.60,333.14,-5.67,—,—
0126,NP GR 3Y avg,—,-6.05,-28.95,—,-13.01,53.98,45.93,63.75,-21.36,—,—
0126,NP GR 5Y avg,—,14.26,2.98,—,—,—,—,—,—,—,—
0126,NP GR 10Y avg,0.0,0.0,0.0,0.0,0.0,0.0,0.0,0.0,0.0,0.0,0.0
0126,EPS GR,124.79,—,—,—,-46.07,-67.38,92.35,278.29,4.11,—,—
0126,EPS GR 3Y avg,—,132.21,-16.40,—,-44.25,-11.83,96.40,334.70,-5.65,—,—
0126,EPS GR 5Y avg,—,-9.29,-31.92,—,-16.30,50.19,43.62,63.64,-22.05,—,—
0126,EPS GR 10Y avg,—,11.25,0.53,—,—,—,—,—,—,—,—
0126,OCF GR,—,108.15,136.54,-40.50,63.37,-38.46,37.01,292.09,89.09,—,—
0126,FCF GR,—,117.74,151.21,—,—,-38.88,39.22,502.48,482.61,—,—
0126,D/E,0.03,0.10,0.15,0.18,—,—,—,—,—,—,—
0126,Price,2.6200,2.6200,0.7000,0.4100,0.4900,1.0500,1.4000,0.5850,0.7000,0.5100,0.1200
0128,Year End,TTM,2020-12,2019-12,2018-12,2017-12,2016-12,2015-12,2014-12,2013-12,2012-12,2011-12
0128,Revenue,387,368,340,327,297,262,281,310,191,181,198
0128,NP,88,82,69,52,30,20,4,19,-2,4,2
0128,EPS,0.06,0.05,0.04,0.03,0.01,0.01,—,0.01,—,—,—
0128,DPS,0.03,0.01,0.01,—,—,—,—,—,—,—,—
0128,Div Payout,47.6,36.8,37.6,—,17.0,—,—,—,—,—,10.0
0128,Shares,"1,572","1,572","1,572","1,572","1,572","1,572","1,561","1,513","1,514","1,514","1,516"
0128,BVPS,0.28,0.27,0.23,0.20,0.17,0.16,0.15,0.13,0.12,0.12,0.12
0128,OCF,129,120,115,63,69,44,44,41,37,16,25
0128,FCF,122,112,108,56,49,17,37,32,31,4,2
0128,NP Margin,22.71,22.25,20.35,15.97,10.07,7.65,1.43,6.06,-1.22,2.11,1.25
0128,ROE,21.25,20.07,19.71,17.23,10.99,8.05,1.81,9.55,-1.25,2.10,1.40
0128,Revenue GR,21.97,8.36,3.88,10.33,13.27,-6.68,-9.45,62.55,5.29,-8.63,35.05
0128,Revenue GR 3Y avg,—,7.49,9.09,5.26,-1.45,11.16,15.73,16.07,9.12,9.64,14.92
0128,Revenue GR 5Y avg,—,5.59,1.87,11.41,10.38,5.74,13.85,17.67,7.86,11.44,22.28
0128,Revenue GR 10Y avg,—,9.64,9.48,9.62,10.90,13.71,—,—,—,—,—
0128,NP GR,—,40.02,51.13,135.38,16.72,—,1.60,96.24,—,-23.13,-49.11
0128,NP GR 3Y avg,—,82.88,29.80,—,50.86,51.82,-19.68,17.43,—,-0.94,-20.71
0128,NP GR 5Y avg,—,21.20,23.46,10.73,22.25,9.72,—,—,—,—,—
0128,NP GR 10Y avg,0.0,0.0,0.0,0.0,0.0,0.0,0.0,0.0,0.0,0.0,0.0
0128,EPS GR,35.19,18.48,32.26,75.09,49.21,389.74,-79.03,—,—,99.17,-81.00
0128,EPS GR 3Y avg,—,40.00,51.18,133.89,15.29,—,1.01,113.92,—,-28.17,-56.43
0128,EPS GR 5Y avg,—,82.15,28.83,—,49.75,58.66,-17.17,12.74,—,-11.08,-37.81
0128,EPS GR 10Y avg,—,22.83,20.52,8.06,15.39,-0.67,—,—,—,—,—
0128,OCF GR,—,4.21,81.45,-8.27,55.39,-0.17,9.41,10.88,128.65,-34.75,17.53
0128,FCF GR,—,3.82,93.21,14.23,192.80,-55.25,15.84,2.74,633.47,103.61,—
0128,D/E,0.02,0.02,0.03,0.03,0.04,0.08,0.11,0.12,0.14,0.17,0.29
0128,Price,5.0800,3.5500,2.2900,0.7050,0.4600,0.1700,0.1900,0.1400,0.0750,0.0800,0.1200
0131,Year End,TTM,2020-06,2018-03,2017-03,2016-03,2015-03,2014-03,2013-03,2012-03,2011-03,2010-03
0131,Revenue,12,14,84,74,73,102,76,76,64,62,64
0131,NP,-11,-6,-2,—,1,5,2,1,-7,-18,8
0131,EPS,-0.02,-0.01,—,—,—,0.01,—,—,-0.01,-0.03,0.01
0131,DPS,—,—,—,—,—,—,—,—,—,—,—
0131,Div Payout,—,—,—,—,—,—,—,—,—,—,—
0131,Shares,746,746,678,678,678,678,678,678,678,673,550
0131,BVPS,0.05,0.07,—,—,—,—,—,—,—,—,—
0131,OCF,2,-7,5,8,-5,4,3,-2,-4,-16,—
0131,FCF,-1,-8,4,7,-5,4,2,-3,-5,-16,—
0131,NP Margin,-90.90,-38.56,-2.68,0.56,1.94,5.05,2.10,1.18,-11.15,-29.15,12.82
0131,ROE,-24.11,-11.28,-5.18,0.95,3.26,12.71,4.29,2.48,-18.06,-42.52,19.89
0131,Revenue GR,-3.72,-54.19,13.19,2.28,-28.83,33.54,0.29,19.34,3.58,—,—
0131,Revenue GR 3Y avg,—,-31.55,-6.25,-0.94,-1.59,16.92,7.42,5.73,10.94,—,—
0131,Revenue GR 5Y avg,—,-23.34,1.99,3.07,3.33,9.62,10.21,14.81,12.20,—,—
0131,Revenue GR 10Y avg,—,-11.21,7.69,7.17,16.33,—,—,—,—,—,—
0131,NP GR,—,—,—,-36.18,16.00,—,—,-52.24,—,—,—
0131,NP GR 3Y avg,—,—,—,—,—,-9.03,—,—,—,—,—
0131,NP GR 5Y avg,—,—,—,-23.92,-13.80,—,—,—,—,—,—
0131,NP GR 10Y avg,0.0,0.0,0.0,0.0,0.0,0.0,0.0,0.0,0.0,0.0,0.0
0131,EPS GR,-163.64,—,—,-70.00,-73.68,216.67,71.43,—,—,—,—
0131,EPS GR 3Y avg,—,—,—,-37.00,12.62,—,—,-54.64,—,—,—
0131,EPS GR 5Y avg,—,—,—,—,—,-12.71,—,—,—,—,—
0131,EPS GR 10Y avg,—,—,—,-37.25,-33.65,—,—,—,—,—,—
0131,OCF GR,—,—,-36.18,—,—,52.45,—,—,—,—,—
0131,FCF GR,—,—,-39.11,—,—,71.19,—,—,—,—,—
0131,D/E,0.01,0.01,—,0.01,0.01,0.01,0.01,0.01,—,—,—
0131,Price,0.1400,0.1200,0.0800,0.0700,0.0900,0.0550,0.0550,0.1100,0.0600,0.0500,0.0800
0136,Year End,TTM,2020-12,2018-12,2018-07,2017-07,2016-07,2015-07,2014-07,2013-07,2012-07,2011-07
0136,Revenue,36,33,43,43,31,37,45,52,48,56,48
0136,NP,7,5,—,—,—,3,4,6,5,8,7
0136,EPS,0.02,0.02,—,—,—,0.01,0.01,0.02,0.02,0.02,0.02
0136,DPS,—,—,—,—,0.01,0.01,0.01,0.01,0.01,0.01,0.01
0136,Div Payout,—,—,107.1,—,—,—,—,—,—,—,—
0136,Shares,334,334,334,334,334,334,334,334,334,334,334
0136,BVPS,0.20,0.19,0.17,—,—,—,—,—,—,—,—
0136,OCF,—,3,2,2,1,4,6,8,10,7,—
0136,FCF,-2,—,-1,-1,-5,1,—,4,8,4,—
0136,NP Margin,20.89,16.15,-0.93,-0.93,0.72,6.77,9.90,12.55,10.98,14.82,15.31
0136,ROE,12.13,8.88,—,-0.72,0.39,4.41,7.76,11.83,10.02,16.87,16.68
0136,Revenue GR,30.45,-11.43,—,38.63,-17.77,-16.34,-13.81,8.29,-14.24,15.47,25.32
0136,Revenue GR 3Y avg,—,2.47,5.57,-1.57,-15.99,-7.92,-7.15,2.36,7.46,26.23,12.76
0136,Revenue GR 5Y avg,—,-5.21,-4.33,-2.30,-11.25,-5.01,2.98,13.31,7.26,16.15,19.44
0136,Revenue GR 10Y avg,—,-1.37,4.65,2.37,1.53,6.51,—,—,—,—,—
0136,NP GR,—,153.81,—,—,-67.52,-21.61,-18.84,-4.20,-10.54,27.18,5.41
0136,NP GR 3Y avg,—,3.74,—,—,-51.47,-19.31,-9.63,10.09,-3.62,13.31,14.71
0136,NP GR 5Y avg,—,-2.91,—,—,-25.84,-3.79,—,—,—,—,—
0136,NP GR 10Y avg,0.0,0.0,0.0,0.0,0.0,0.0,0.0,0.0,0.0,0.0,0.0
0136,EPS GR,—,—,—,—,-90.79,-42.42,-32.31,24.20,-36.44,12.02,0.68
0136,EPS GR 3Y avg,—,150.00,—,—,-67.01,-21.48,-18.85,-4.01,-10.50,26.68,4.90
0136,EPS GR 5Y avg,—,3.73,—,—,-50.97,-19.19,-9.63,9.92,-3.84,12.10,7.80
0136,EPS GR 10Y avg,—,-2.91,—,—,-25.86,-6.67,—,—,—,—,—
0136,OCF GR,—,25.78,—,11.86,-67.32,-30.76,-17.79,-19.14,48.11,-33.83,100.19
0136,FCF GR,—,—,—,—,—,—,—,-53.74,85.95,-21.81,528.80
0136,D/E,0.19,0.20,—,0.29,0.28,0.21,0.19,—,0.01,0.01,0.01
0136,Price,0.2250,0.1900,0.1300,0.1150,0.1600,0.2100,0.2250,0.2550,0.3350,0.1950,0.2200
0138,Year End,TTM,2020-12,2017-06,2016-06,2015-06,2014-06,2013-06,2012-06,2011-06,2010-06,2009-06
0138,Revenue,580,530,371,282,142,110,76,67,59,62,52
0138,NP,286,269,202,143,68,50,35,27,22,21,17
0138,EPS,0.08,0.07,0.06,0.04,0.02,0.01,0.01,0.01,0.01,0.01,—
0138,DPS,0.03,0.03,0.01,0.01,0.01,—,—,—,—,—,—
0138,Div Payout,31.6,—,—,—,—,—,—,—,—,—,—
0138,Shares,"3,603","3,538","3,605","3,604","3,597","3,574","3,568","3,598","3,606","3,606","3,565"
0138,BVPS,0.34,—,—,—,—,—,—,—,—,—,—
0138,OCF,375,302,85,162,144,26,44,29,33,—,—
0138,FCF,161,119,-50,11,99,21,34,17,-2,—,—
0138,NP Margin,49.31,50.65,54.28,50.71,48.15,45.61,45.56,40.86,37.61,33.58,32.77
0138,ROE,28.90,28.85,42.26,42.38,30.25,31.69,26.98,25.01,24.00,27.10,28.95
0138,Revenue GR,40.84,10.72,31.76,99.08,28.80,43.65,14.28,13.75,—,—,—
0138,Revenue GR 3Y avg,—,27.10,50.05,54.44,28.35,23.15,7.19,8.44,—,—,—
0138,Revenue GR 5Y avg,—,29.42,40.87,36.79,17.91,15.93,9.19,21.30,—,—,—
0138,Revenue GR 10Y avg,—,20.92,30.72,30.77,—,—,—,—,—,—,—
0138,NP GR,—,28.27,59.02,60.05,35.58,31.32,18.67,16.72,—,—,—
0138,NP GR 3Y avg,—,31.26,49.10,45.21,26.72,23.85,18.72,30.95,—,—,—
0138,NP GR 5Y avg,—,26.09,39.73,42.92,—,—,—,—,—,—,—
0138,NP GR 10Y avg,0.0,0.0,0.0,0.0,0.0,0.0,0.0,0.0,0.0,0.0,0.0
0138,EPS GR,17.65,9.10,42.37,107.02,34.12,45.04,27.40,24.92,—,—,—
0138,EPS GR 3Y avg,—,28.61,58.12,59.10,35.33,32.16,19.05,16.70,—,—,—
0138,EPS GR 5Y avg,—,31.42,48.84,45.00,26.84,24.05,16.92,26.29,—,—,—
0138,EPS GR 10Y avg,—,25.41,37.10,38.53,—,—,—,—,—,—,—
0138,OCF GR,—,43.70,-47.78,12.81,447.29,-40.59,51.12,-10.83,—,—,—
0138,FCF GR,—,—,—,-88.51,364.06,-36.65,99.20,—,—,—,—
0138,D/E,0.10,0.11,0.21,0.21,0.02,0.05,0.06,0.06,0.07,0.05,0.06
0138,Price,1.9700,1.9200,1.1000,0.9750,1.7500,2.0500,2.1900,1.9700,2.7800,3.0400,1.5500
0146,Year End,TTM,2020-06,2019-06,2018-06,2017-06,2016-06,2015-06,2014-06,2013-06,2012-06,2011-06
0146,Revenue,36,27,23,25,25,19,17,11,8,8,11
0146,NP,15,8,3,—,6,1,3,1,-1,-2,2
0146,EPS,0.02,0.01,—,—,0.01,—,—,—,—,—,—
0146,DPS,0.01,—,—,—,—,—,—,—,—,—,—
0146,Div Payout,50.1,26.3,—,68.3,—,72.9,48.5,—,—,37.6,—
0146,Shares,840,840,840,840,840,840,840,840,840,840,840
0146,BVPS,0.12,0.04,0.04,0.04,0.03,0.03,0.03,0.03,0.03,0.03,—
0146,OCF,9,5,—,7,5,2,4,2,—,1,4
0146,FCF,9,4,-1,6,4,1,2,1,—,—,2
0146,NP Margin,40.74,29.90,13.10,1.32,25.86,5.48,17.45,9.53,-13.15,-21.89,15.47
0146,ROE,19.86,23.05,10.12,1.11,23.30,4.29,12.98,4.92,-4.85,-7.14,6.68
0146,Revenue GR,55.86,16.46,-7.64,1.05,29.64,8.82,53.59,39.76,3.61,-27.37,—
0146,Revenue GR 3Y avg,—,2.82,6.56,12.55,29.40,32.69,30.53,1.70,-2.06,20.22,—
0146,Revenue GR 5Y avg,—,8.93,15.13,25.07,25.70,11.94,15.06,20.27,6.23,—,—
0146,Revenue GR 10Y avg,—,11.95,17.67,15.27,—,—,—,—,—,—,—
0146,NP GR,—,7.92,42.51,-52.46,80.48,—,—,-13.48,—,—,—
0146,NP GR 3Y avg,—,21.31,22.69,—,—,-9.06,34.13,—,—,—,—
0146,NP GR 5Y avg,—,27.56,—,-22.91,—,—,—,—,—,—,—
0146,NP GR 10Y avg,0.0,0.0,0.0,0.0,0.0,0.0,0.0,0.0,0.0,0.0,0.0
0146,EPS GR,48.15,165.28,800.00,-94.73,509.64,-65.70,181.40,—,—,—,—
0146,EPS GR 3Y avg,—,7.96,42.47,-52.06,80.53,—,—,-13.53,—,—,—
0146,EPS GR 5Y avg,—,21.34,22.78,—,—,-9.00,34.01,—,—,—,—
0146,EPS GR 10Y avg,—,27.52,—,-29.77,—,—,—,—,—,—,—
0146,OCF GR,—,—,-97.41,48.56,126.98,-44.12,125.33,260.13,-57.04,-70.99,—
0146,FCF GR,—,—,—,48.38,298.86,-55.35,150.58,680.18,131.25,-97.90,—
0146,D/E,0.02,0.03,0.02,0.05,0.08,0.14,0.17,0.20,0.25,0.27,0.28
0146,Price,1.1900,2.4200,0.7500,0.7100,1.9600,0.6400,0.6000,0.5050,0.1850,0.1600,0.1300
0149,Year End,TTM,2020-05,2019-05,2018-05,2017-05,2016-05,2015-05,2014-05,2013-05,2012-05,2011-05
0149,Revenue,12,14,15,15,18,17,14,15,17,17,14
0149,NP,2,2,3,3,4,5,4,4,5,4,4
0149,EPS,0.02,0.02,0.03,0.03,0.04,0.05,0.04,0.04,0.05,0.05,0.05
0149,DPS,0.01,0.01,0.01,0.01,0.01,0.01,0.01,—,0.01,0.01,0.01
0149,Div Payout,28.2,24.3,32.4,100.9,19.0,21.5,28.7,3.2,22.6,24.4,—
0149,Shares,—,98,98,98,98,98,98,98,98,98,98
0149,BVPS,0.52,0.50,0.48,0.47,0.47,0.41,0.37,0.35,0.31,0.29,—
0149,OCF,2,3,1,3,6,3,5,4,3,5,2
0149,FCF,2,2,1,3,-2,3,4,3,3,5,-1
0149,NP Margin,15.17,15.78,18.33,20.04,23.38,29.59,26.87,26.13,29.42,26.62,30.27
0149,ROE,3.73,4.34,5.87,6.38,9.95,12.58,10.02,11.84,16.22,17.05,19.17
0149,Revenue GR,-1.62,-11.07,4.68,-20.87,9.33,24.40,-11.29,-8.13,-1.34,16.57,—
0149,Revenue GR 3Y avg,—,-9.68,-3.25,2.48,6.46,0.46,-7.01,1.85,8.96,0.86,—
0149,Revenue GR 5Y avg,—,0.04,-0.01,-2.59,1.80,3.12,1.06,-1.44,—,—,—
0149,Revenue GR 10Y avg,—,0.55,-0.73,—,—,—,—,—,—,—,—
0149,NP GR,—,-20.76,-17.53,-7.06,2.57,0.65,-6.73,-3.02,6.91,-18.48,—
0149,NP GR 3Y avg,—,-10.06,-6.86,-9.79,-0.81,2.65,-1.88,-13.58,—,—,—
0149,NP GR 5Y avg,—,-6.06,-10.28,—,—,—,—,—,—,—,—
0149,NP GR 10Y avg,0.0,0.0,0.0,0.0,0.0,0.0,0.0,0.0,0.0,0.0,0.0
0149,EPS GR,48.40,-23.34,-4.01,-32.20,-13.53,36.73,-8.58,-18.56,9.15,-89.75,—
0149,EPS GR 3Y avg,—,-20.69,-17.44,-7.11,2.63,0.60,-6.68,-55.01,6.91,-35.44,—
0149,EPS GR 5Y avg,—,-10.02,-6.79,-9.81,-0.80,-35.25,-1.87,-24.88,—,—,—
0149,EPS GR 10Y avg,—,-6.04,-16.33,—,—,—,—,—,—,—,—
0149,OCF GR,—,166.13,-67.19,-42.63,111.68,-43.42,28.15,8.44,-38.66,185.33,—
0149,FCF GR,—,137.57,-68.17,—,—,-42.08,65.20,-5.36,-40.65,—,—
0149,D/E,—,—,—,—,—,—,—,—,—,—,—
0149,Price,0.4050,0.2500,0.4050,0.5150,0.6300,0.4800,0.4500,0.4800,0.3250,0.4200,0.7000
0151,Year End,TTM,2020-12,2019-12,2018-12,2017-12,2016-12,2015-12,2014-12,2013-12,2012-12,2011-12
0151,Revenue,415,395,380,350,313,343,206,189,117,116,140
0151,NP,19,18,24,19,12,9,-3,5,2,6,9
0151,EPS,0.03,0.03,0.04,0.03,0.02,0.02,-0.01,0.01,—,0.01,0.02
0151,DPS,0.01,0.01,—,0.01,—,—,0.01,—,0.01,0.01,0.01
0151,Div Payout,25.3,17.4,39.0,24.0,—,—,88.5,15.2,384.6,54.0,27.0
0151,Shares,638,633,620,558,489,443,441,440,434,436,422
0151,BVPS,0.27,0.25,0.24,0.20,0.16,0.14,0.15,0.14,0.12,0.13,0.10
0151,OCF,-26,46,20,8,23,13,22,-11,2,-15,4
0151,FCF,-35,35,-13,-2,15,11,20,-12,2,-16,3
0151,NP Margin,4.58,4.44,6.43,5.33,3.68,2.58,-1.23,2.75,1.42,5.23,6.25
0151,ROE,11.39,10.83,17.99,19.19,15.94,14.12,-4.30,9.17,3.08,11.67,19.26
0151,Revenue GR,23.71,3.91,8.50,11.71,-8.74,66.38,9.12,61.05,1.05,-16.76,65.17
0151,Revenue GR 3Y avg,—,7.99,3.42,19.26,18.33,43.00,21.10,10.65,11.59,22.10,32.46
0151,Revenue GR 5Y avg,—,13.84,14.96,24.42,21.94,19.72,19.55,24.26,14.35,—,—
0151,Revenue GR 10Y avg,—,16.66,19.52,19.28,—,—,—,—,—,—,—
0151,NP GR,—,14.89,40.17,—,30.44,74.69,—,-15.86,-42.03,-9.01,9.73
0151,NP GR 3Y avg,—,—,36.25,62.16,13.67,0.31,—,-8.42,-24.11,—,—
0151,NP GR 5Y avg,—,7.44,11.70,10.94,—,—,—,—,—,—,—
0151,NP GR 10Y avg,0.0,0.0,0.0,0.0,0.0,0.0,0.0,0.0,0.0,0.0,0.0
0151,EPS GR,37.60,-30.38,17.91,39.58,20.00,—,—,220.00,-72.97,-33.93,0.90
0151,EPS GR 3Y avg,—,4.64,25.46,—,25.99,74.72,—,-17.02,-43.52,-14.88,-52.11
0151,EPS GR 5Y avg,—,—,26.91,54.95,11.58,-0.97,—,-11.81,-54.45,—,—
0151,EPS GR 10Y avg,—,2.83,5.79,-15.99,—,—,—,—,—,—,—
0151,OCF GR,—,128.41,139.13,-63.89,72.54,-38.13,—,—,—,—,—
0151,FCF GR,—,—,—,—,29.99,-44.17,—,—,—,—,—
0151,D/E,0.18,0.17,0.17,0.01,0.03,0.01,0.01,0.02,0.01,0.02,0.02
0151,Price,1.9800,1.6900,1.2600,1.1200,0.8300,0.2850,0.2900,0.3400,0.4300,0.5300,0.4500
0155,Year End,TTM,2020-06,2019-06,2018-06,2017-06,2016-06,2015-06,2014-06,2013-06,2012-06,2011-06
0155,Revenue,-3,1,28,26,10,10,14,4,1,10,12
0155,NP,-8,17,-4,-5,1,2,4,-4,-9,-4,3
0155,EPS,-0.07,0.17,-0.04,-0.04,0.01,0.02,0.04,-0.05,-0.10,-0.04,0.03
0155,DPS,—,—,—,—,—,—,—,—,—,—,—
0155,Div Payout,—,—,—,—,—,—,—,—,—,—,—
0155,Shares,119,104,104,104,100,94,94,94,94,94,90
0155,BVPS,0.17,0.12,0.17,0.20,0.23,0.20,0.18,0.16,0.22,0.35,—
0155,OCF,14,12,-1,-6,4,4,—,-3,—,-9,2
0155,FCF,12,9,-3,-7,4,4,—,-3,—,-11,-3
0155,NP Margin,—,—,-13.85,-17.34,5.97,16.67,26.07,-97.53,—,-37.18,21.69
0155,ROE,-45.98,—,-21.51,-20.58,2.70,9.39,22.71,-25.11,-36.73,-11.87,11.11
0155,Revenue GR,428.57,-96.57,6.00,164.95,-5.37,-24.93,215.12,722.36,-94.55,-18.96,—
0155,Revenue GR 3Y avg,—,-54.15,38.51,23.47,30.81,168.95,12.19,-28.66,—,—,—
0155,Revenue GR 5Y avg,—,-41.51,44.44,117.59,0.06,-2.99,—,—,—,—,—
0155,Revenue GR 10Y avg,—,—,—,—,—,—,—,—,—,—,—
0155,NP GR,—,207.30,—,—,—,—,—,—,—,—,—
0155,NP GR 3Y avg,—,36.39,—,—,—,-7.98,—,—,—,—,—
0155,NP GR 5Y avg,—,—,—,—,—,—,—,—,—,—,—
0155,NP GR 10Y avg,0.0,0.0,0.0,0.0,0.0,0.0,0.0,0.0,0.0,0.0,0.0
0155,EPS GR,-111.80,—,—,—,-68.11,-51.95,—,—,—,—,—
0155,EPS GR 3Y avg,—,203.66,—,—,—,—,—,—,—,—,—
0155,EPS GR 5Y avg,—,33.82,—,—,—,-8.79,—,—,—,—,—
0155,EPS GR 10Y avg,—,—,—,—,—,—,—,—,—,—,—
0155,OCF GR,—,—,—,—,-0.21,830.29,—,—,—,—,—
0155,FCF GR,—,—,—,—,0.86,—,—,—,—,—,—
0155,D/E,0.02,—,0.39,0.31,0.13,—,—,—,—,—,—
0155,Price,0.9900,0.3450,0.3050,0.2350,0.4600,0.5000,0.5650,0.4200,0.4800,0.5000,0.7250
0157,Year End,TTM,2020-12,2019-12,2018-12,2017-12,2016-12,2015-12,2014-12,2013-12,2012-12,2011-12
0157,Revenue,162,160,191,179,165,162,155,153,147,131,120
0157,NP,12,11,10,7,—,-1,1,1,5,6,7
0157,EPS,0.03,0.02,0.02,0.02,—,—,—,—,0.01,0.02,0.02
0157,DPS,0.01,0.01,0.01,0.01,—,—,—,0.01,0.01,0.01,0.01
0157,Div Payout,25.9,18.5,37.7,46.3,—,—,181.8,63.2,65.3,54.6,—
0157,Shares,495,495,495,367,330,330,330,330,330,330,330
0157,BVPS,0.22,0.20,0.17,0.16,0.16,0.16,0.16,0.16,0.17,0.16,—
0157,OCF,55,53,50,15,10,9,7,12,8,10,10
0157,FCF,51,50,46,12,7,6,1,8,2,4,3
0157,NP Margin,7.40,6.66,5.18,3.96,-0.28,-0.74,0.86,0.76,3.24,4.62,5.80
0157,ROE,18.06,16.32,16.57,12.95,-0.87,-2.24,2.49,2.17,8.80,11.66,14.48
0157,Revenue GR,7.23,-16.44,6.56,8.57,1.96,4.76,0.72,4.10,12.92,8.61,—
0157,Revenue GR 3Y avg,—,-1.12,5.66,5.06,2.46,3.17,5.79,8.48,—,—,—
0157,Revenue GR 5Y avg,—,0.64,4.47,3.99,4.81,6.14,—,—,—,—,—
0157,Revenue GR 10Y avg,—,—,—,—,—,—,—,—,—,—,—
0157,NP GR,—,—,—,74.72,—,—,-39.58,-44.89,—,—,—
0157,NP GR 3Y avg,—,51.54,53.32,8.27,—,—,—,—,—,—,—
0157,NP GR 5Y avg,—,—,—,—,—,—,—,—,—,—,—
0157,NP GR 10Y avg,0.0,0.0,0.0,0.0,0.0,0.0,0.0,0.0,0.0,0.0,0.0
0157,EPS GR,58.16,-40.26,67.13,—,—,—,14.08,-75.43,-21.04,-13.48,—
0157,EPS GR 3Y avg,—,—,—,74.45,—,—,-39.51,-44.84,—,—,—
0157,EPS GR 5Y avg,—,39.59,58.87,8.27,—,—,—,—,—,—,—
0157,EPS GR 10Y avg,—,—,—,—,—,—,—,—,—,—,—
0157,OCF GR,—,6.19,234.93,43.63,10.23,45.76,-44.82,40.83,-18.22,3.90,—
0157,FCF GR,—,9.26,283.44,68.02,25.34,320.51,-81.88,354.36,-53.98,11.35,—
0157,D/E,0.55,0.63,0.92,0.22,0.27,0.27,0.11,0.12,0.09,0.08,0.05
0157,Price,0.7950,0.9600,0.3700,0.1900,0.1900,0.2100,0.2100,0.2550,0.2800,0.2850,0.3500
0163,Year End,TTM,2020-12,2019-12,2018-12,2017-12,2016-12,2015-12,2014-12,2013-01,2012-01,2011-01
0163,Revenue,612,476,365,339,323,229,190,152,97,55,47
0163,NP,245,122,-6,-1,-2,—,6,3,3,2,3
0163,EPS,0.46,0.23,-0.01,—,—,—,0.02,—,0.01,0.01,0.01
0163,DPS,—,—,—,—,—,—,—,—,—,—,—
0163,Div Payout,—,—,—,—,—,—,16.6,20.8,—,—,—
0163,Shares,550,538,531,518,489,428,391,352,352,319,237
0163,BVPS,0.68,0.34,0.18,0.20,0.20,0.19,0.14,0.13,—,—,—
0163,OCF,253,149,48,14,8,4,18,20,-5,-2,2
0163,FCF,133,50,33,-1,-6,-27,-14,2,-22,-28,-10
0163,NP Margin,39.99,25.75,-1.58,-0.42,-0.59,0.07,3.15,2.08,3.05,3.57,6.65
0163,ROE,103.68,68.29,-5.79,-1.42,-2.01,0.21,11.17,7.00,7.66,6.03,10.34
0163,Revenue GR,130.51,30.27,7.79,5.00,40.59,20.59,25.05,26.23,75.81,17.30,—
0163,Revenue GR 3Y avg,—,13.82,16.75,21.20,28.47,24.45,37.02,34.80,—,—,—
0163,Revenue GR 5Y avg,—,20.11,19.13,23.44,34.66,30.60,—,—,—,—,—
0163,Revenue GR 10Y avg,—,—,—,—,—,—,—,—,—,—,—
0163,NP GR,—,—,—,—,—,-52.62,32.72,0.21,—,—,—
0163,NP GR 3Y avg,—,82.82,—,—,—,-39.57,—,—,—,—,—
0163,NP GR 5Y avg,—,—,—,—,—,—,—,—,—,—,—
0163,NP GR 10Y avg,0.0,0.0,0.0,0.0,0.0,0.0,0.0,0.0,0.0,0.0,0.0
0163,EPS GR,—,—,—,—,—,-97.39,70.00,3.24,36.56,-53.27,—
0163,EPS GR 3Y avg,—,—,—,—,—,-54.12,25.93,-9.43,—,—,—
0163,EPS GR 5Y avg,—,71.62,—,—,—,-44.65,—,—,—,—,—
0163,EPS GR 10Y avg,—,—,—,—,—,—,—,—,—,—,—
0163,OCF GR,—,211.90,253.47,69.76,90.64,-76.38,-10.71,—,—,—,—
0163,FCF GR,—,50.91,—,—,—,—,—,—,—,—,—
0163,D/E,0.02,0.02,0.19,0.22,0.35,0.44,0.55,0.64,0.49,0.30,0.19
0163,Price,1.2700,2.0700,0.1600,0.2050,0.3250,0.2550,0.5550,0.4050,0.3100,0.2750,0.3400
0166,Year End,TTM,2020-06,2019-06,2018-06,2017-06,2016-06,2015-06,2014-06,2013-06,2012-06,2010-06
0166,Revenue,"1,300","1,057","1,153","1,376","1,177","1,043",933,794,241,181,155
0166,NP,278,156,192,249,228,148,153,99,42,20,15
0166,EPS,0.08,0.05,0.06,0.08,0.07,0.05,0.06,0.04,0.03,0.02,0.02
0166,DPS,0.07,0.04,0.06,0.06,0.04,0.02,0.02,0.01,0.01,0.01,—
0166,Div Payout,79.0,89.4,96.9,75.7,45.1,49.2,32.4,28.9,29.4,—,—
0166,Shares,"3,311","3,235","3,220","3,177","3,062","2,933","2,657","2,430","1,506","1,301",985
0166,BVPS,0.42,0.37,0.35,0.32,0.28,0.23,0.19,0.11,0.06,0.06,—
0166,OCF,411,347,270,278,304,170,174,41,71,18,—
0166,FCF,326,258,87,114,185,43,119,-4,27,-3,—
0166,NP Margin,21.35,14.73,16.63,18.11,19.36,14.21,16.35,12.50,17.42,11.00,9.79
0166,ROE,21.46,13.41,17.58,25.73,29.21,24.28,38.37,47.69,34.83,30.92,—
0166,Revenue GR,41.38,-8.28,-16.22,16.94,12.80,11.79,17.57,229.13,33.39,—,—
0166,Revenue GR 3Y avg,—,-3.50,3.39,13.82,14.03,62.94,72.82,—,15.92,13.59,—
0166,Revenue GR 5Y avg,—,2.53,7.75,41.67,45.45,—,43.23,45.11,19.19,—,—
0166,Revenue GR 10Y avg,—,21.19,25.04,29.95,—,—,—,—,—,—,—
0166,NP GR,—,-11.90,8.95,17.79,31.91,52.24,97.21,—,40.49,20.18,—
0166,NP GR 3Y avg,—,0.42,14.08,42.78,62.85,—,58.70,53.99,39.74,—,—
0166,NP GR 5Y avg,—,26.24,32.54,41.25,—,—,—,—,—,—,—
0166,NP GR 10Y avg,0.0,0.0,0.0,0.0,0.0,0.0,0.0,0.0,0.0,0.0,0.0
0166,EPS GR,127.78,-19.16,-24.20,4.57,49.34,-13.97,43.09,46.33,84.17,—,—
0166,EPS GR 3Y avg,—,-13.79,5.78,10.35,22.50,21.68,56.81,—,21.97,9.18,—
0166,EPS GR 5Y avg,—,-3.82,7.82,22.98,37.72,—,30.60,28.53,28.37,—,—
0166,EPS GR 10Y avg,—,12.08,17.72,25.65,—,—,—,—,—,—,—
0166,OCF GR,—,28.29,-2.63,-8.72,78.63,-1.80,327.87,-42.56,287.52,—,—
0166,FCF GR,—,197.55,-24.35,-37.99,327.16,-63.70,—,—,—,—,—
0166,D/E,—,—,0.01,0.01,0.03,0.03,0.05,0.07,0.07,0.10,—
0166,Price,3.2800,1.6900,1.6000,2.2600,2.1100,2.9700,3.2500,3.0300,0.7150,0.3700,0.0000
0168,Year End,TTM,2020-03,2019-03,2018-03,2017-03,2016-03,2015-03,2014-03,2012-04,2011-04,2010-04
0168,Revenue,221,230,235,226,237,260,278,242,150,120,99
0168,NP,22,23,27,21,23,31,39,31,19,14,12
0168,EPS,0.04,0.05,0.05,0.04,0.04,0.06,0.08,0.06,0.04,0.03,0.03
0168,DPS,0.02,0.02,0.02,0.01,0.01,0.02,0.01,0.01,0.01,—,—
0168,Div Payout,40.9,37.5,40.3,37.0,36.6,26.4,13.1,15.4,—,—,—
0168,Shares,516,516,516,516,516,516,516,516,516,447,446
0168,BVPS,0.43,0.41,0.38,0.35,0.31,0.29,0.24,0.18,—,—,—
0168,OCF,38,-5,16,33,61,9,-5,43,3,26,10
0168,FCF,32,-29,15,31,60,6,-41,39,2,24,6
0168,NP Margin,9.96,10.10,11.32,9.11,9.72,11.83,14.09,12.82,12.88,11.56,12.49
0168,ROE,10.13,11.16,13.47,11.45,13.94,21.01,33.18,33.81,37.43,49.33,94.99
0168,Revenue GR,22.47,-1.99,3.94,-4.76,-8.81,-6.39,14.82,28.48,24.55,—,—
0168,Revenue GR 3Y avg,—,-1.00,-3.35,-6.67,-0.67,15.14,23.84,25.68,—,—,—
0168,Revenue GR 5Y avg,—,-3.70,-0.60,7.20,12.17,17.76,—,—,—,—,—
0168,Revenue GR 10Y avg,—,—,—,—,—,—,—,—,—,—,—
0168,NP GR,—,0.29,-4.76,-19.30,-9.42,12.67,30.26,26.50,—,—,—
0168,NP GR 3Y avg,—,-9.90,-3.04,1.11,8.93,16.68,—,—,—,—,—
0168,NP GR 5Y avg,—,—,—,—,—,—,—,—,—,—,—
0168,NP GR 10Y avg,0.0,0.0,0.0,0.0,0.0,0.0,0.0,0.0,0.0,0.0,0.0
0168,EPS GR,32.73,-12.43,29.07,-10.74,-25.00,-21.48,26.29,28.15,20.29,—,—
0168,EPS GR 3Y avg,—,0.30,-4.75,-19.29,-9.40,12.66,25.61,21.90,—,—,—
0168,EPS GR 5Y avg,—,-9.89,-3.04,1.12,6.34,13.84,—,—,—,—,—
0168,EPS GR 10Y avg,—,—,—,—,—,—,—,—,—,—,—
0168,OCF GR,—,—,-50.75,-46.59,588.61,—,—,279.61,-87.01,—,—
0168,FCF GR,—,—,-50.02,-48.13,821.70,—,—,365.34,-91.47,—,—
0168,D/E,0.04,0.02,0.02,0.02,0.03,0.03,—,—,0.01,0.10,0.36
0168,Price,1.3900,1.3900,0.4500,0.5550,0.6700,0.8450,1.0200,1.4800,2.9500,0.9950,0.7650
0171,Year End,TTM,2020-12,2019-12,2018-12,2017-12,2016-12,2015-12,2014-12,2013-12,2012-12,2011-12
0171,Revenue,107,80,96,90,95,84,73,55,50,46,46
0171,NP,4,4,4,4,4,3,3,3,2,4,3
0171,EPS,0.02,0.02,0.02,0.02,0.02,0.02,0.02,0.02,0.01,0.02,0.01
0171,DPS,0.01,0.01,—,0.01,—,0.01,0.01,—,0.01,—,0.01
0171,Div Payout,54.6,51.8,—,32.6,42.6,44.0,22.3,24.7,62.0,—,—
0171,Shares,275,222,215,215,212,207,197,188,188,188,180
0171,BVPS,0.25,0.24,0.24,0.22,0.21,0.19,0.19,0.17,0.16,0.16,0.11
0171,OCF,7,10,11,2,2,8,-1,3,3,—,1
0171,FCF,6,9,11,1,1,1,-3,2,3,—,—
0171,NP Margin,4.17,4.86,4.44,4.20,4.23,3.99,4.55,5.51,4.03,8.46,5.76
0171,ROE,7.35,7.02,8.49,8.08,9.41,8.50,9.29,9.54,6.73,14.02,11.48
0171,Revenue GR,124.81,-16.84,6.43,-4.56,13.35,13.74,33.74,9.20,9.13,0.91,492.82
0171,Revenue GR 3Y avg,—,-5.47,4.81,7.16,19.91,18.43,16.81,6.34,86.89,—,—
0171,Revenue GR 5Y avg,—,1.72,11.86,12.44,15.49,12.84,56.98,—,—,—,—
0171,Revenue GR 10Y avg,—,26.37,—,—,—,—,—,—,—,—,—
0171,NP GR,—,-1.00,8.63,4.37,9.83,18.05,-5.02,4.77,-8.80,—,—
0171,NP GR 3Y avg,—,3.08,7.16,13.38,0.55,4.86,4.56,—,—,—,—
0171,NP GR 5Y avg,—,3.82,—,—,—,—,—,—,—,—,—
0171,NP GR 10Y avg,0.0,0.0,0.0,0.0,0.0,0.0,0.0,0.0,0.0,0.0,0.0
0171,EPS GR,19.05,-12.06,12.43,-6.35,17.39,-5.29,5.59,49.07,-47.83,41.78,-53.05
0171,EPS GR 3Y avg,—,-2.53,7.32,1.35,5.49,14.24,-6.35,3.31,-29.71,—,—
0171,EPS GR 5Y avg,—,0.58,4.33,10.39,-1.80,1.98,-11.38,—,—,—,—
0171,EPS GR 10Y avg,—,-5.59,—,—,—,—,—,—,—,—,—
0171,OCF GR,—,-7.42,574.01,-13.99,-78.06,—,—,-20.87,—,-75.20,414.25
0171,FCF GR,—,-10.16,671.66,106.18,-51.52,—,—,-23.83,—,—,—
0171,D/E,0.07,0.02,0.02,0.09,0.11,0.15,0.06,0.08,0.10,0.10,0.13
0171,Price,0.2250,0.2350,0.2050,0.2750,0.2900,0.2400,0.2850,0.1600,0.1550,0.1400,0.1450
0183,Year End,TTM,2020-06,2019-06,2018-06,2017-06,2016-06,2015-06,2014-06,2013-06,2012-06,2011-06
0183,Revenue,187,161,139,261,247,242,193,—,—,—,—
0183,NP,-14,-8,-1,11,19,24,27,—,—,—,—
0183,EPS,-0.04,-0.02,—,0.03,0.05,0.08,0.09,—,—,—,—
0183,DPS,—,0.01,0.02,0.02,0.02,0.01,—,—,—,—,—
0183,Div Payout,—,—,—,63.2,34.4,—,—,—,—,—,—
0183,Shares,385,385,388,388,388,320,310,—,—,—,—
0183,BVPS,0.34,0.37,0.41,0.44,0.43,0.23,—,—,—,—,—
0183,OCF,-26,-14,4,21,6,17,26,—,—,—,—
0183,FCF,-33,-26,-3,17,-4,12,23,—,—,—,—
0183,NP Margin,-7.26,-5.01,-0.40,4.35,7.83,10.06,14.24,—,—,—,—
0183,ROE,-9.93,-5.41,-0.34,6.84,12.10,21.05,35.98,—,—,—,—
0183,Revenue GR,20.22,15.84,-46.85,5.82,2.18,25.61,—,—,—,—,—
0183,Revenue GR 3Y avg,—,-13.31,-16.86,10.74,—,—,—,—,—,—,—
0183,Revenue GR 5Y avg,—,-3.51,—,—,—,—,—,—,—,—,—
0183,Revenue GR 10Y avg,—,—,—,—,—,—,—,—,—,—,—
0183,NP GR,—,—,—,-25.44,—,—,—,—,—,—,—
0183,NP GR 3Y avg,—,—,—,—,—,—,—,—,—,—,—
0183,NP GR 5Y avg,—,—,—,—,—,—,—,—,—,—,—
0183,NP GR 10Y avg,0.0,0.0,0.0,0.0,0.0,0.0,0.0,0.0,0.0,0.0,0.0
0183,EPS GR,6.45,—,—,-40.00,-37.50,-11.11,—,—,—,—,—
0183,EPS GR 3Y avg,—,—,—,-30.66,—,—,—,—,—,—,—
0183,EPS GR 5Y avg,—,—,—,—,—,—,—,—,—,—,—
0183,EPS GR 10Y avg,—,—,—,—,—,—,—,—,—,—,—
0183,OCF GR,—,—,-80.38,263.80,-64.62,-36.01,—,—,—,—,—
0183,FCF GR,—,—,—,—,—,-46.47,—,—,—,—,—
0183,D/E,0.01,0.01,—,—,0.01,0.02,0.12,—,—,—,—
0183,Price,0.5500,0.4850,0.3000,0.5800,1.5500,1.0200,0.0000,0.0,0.0,0.0,0.0
0186,Year End,TTM,2020-12,2019-12,2018-12,2017-12,2016-12,2015-12,2014-12,2013-12,2012-12,2011-12
0186,Revenue,125,119,124,114,107,90,74,78,64,—,—
0186,NP,47,42,40,36,29,22,19,13,7,—,—
0186,EPS,0.08,0.08,0.08,0.08,0.06,0.07,0.06,0.03,0.02,—,—
0186,DPS,0.02,0.02,0.03,0.03,0.02,—,—,—,—,—,—
0186,Div Payout,27.4,36.1,23.1,43.1,17.2,—,—,—,—,—,—
0186,Shares,569,529,484,443,448,323,311,467,467,—,—
0186,BVPS,0.75,0.73,0.70,0.56,0.51,0.26,—,—,—,—,—
0186,OCF,76,58,63,27,41,23,30,21,10,—,—
0186,FCF,-21,-62,-17,-54,-39,-27,1,8,-32,—,—
0186,NP Margin,37.25,35.02,31.94,31.57,27.00,23.92,25.74,17.32,11.14,—,—
0186,ROE,11.46,10.45,12.97,14.29,13.73,13.18,17.74,16.80,10.06,—,—
0186,Revenue GR,19.25,-4.09,9.67,6.32,18.39,21.66,-4.45,20.47,—,—,—
0186,Revenue GR 3Y avg,—,3.80,11.35,15.27,11.23,11.88,—,—,—,—,—
0186,Revenue GR 5Y avg,—,10.00,9.92,12.01,—,—,—,—,—,—,—
0186,Revenue GR 10Y avg,—,—,—,—,—,—,—,—,—,—,—
0186,NP GR,—,13.20,22.62,23.38,28.98,44.33,—,—,—,—,—
0186,NP GR 3Y avg,—,16.99,24.23,37.95,—,—,—,—,—,—,—
0186,NP GR 5Y avg,—,—,—,—,—,—,—,—,—,—,—
0186,NP GR 10Y avg,0.0,0.0,0.0,0.0,0.0,0.0,0.0,0.0,0.0,0.0,0.0
0186,EPS GR,19.21,-3.65,1.86,25.12,36.51,15.62,42.01,87.31,—,—,—
0186,EPS GR 3Y avg,—,7.08,20.27,25.46,30.87,45.43,—,—,—,—,—
0186,EPS GR 5Y avg,—,14.15,23.36,39.34,—,—,—,—,—,—,—
0186,EPS GR 10Y avg,—,—,—,—,—,—,—,—,—,—,—
0186,OCF GR,—,-8.13,130.19,-33.17,75.19,-22.66,39.88,113.36,—,—,—
0186,FCF GR,—,—,—,—,—,—,-81.83,—,—,—,—
0186,D/E,0.39,0.42,0.86,0.57,0.58,0.44,0.78,1.09,0.94,—,—
0186,Price,0.7900,0.2600,0.2350,0.2350,0.2800,0.1600,0.0000,0.0,0.0,0.0,0.0
0187,Year End,TTM,2020-12,2019-12,2018-12,2017-12,2016-12,2015-12,2014-12,2013-12,2012-12,2011-12
0187,Revenue,68,68,104,93,76,65,64,51,35,19,—
0187,NP,2,3,5,8,4,4,6,6,2,—,—
0187,EPS,—,0.01,0.01,0.02,0.01,0.02,0.01,0.01,—,—,—
0187,DPS,—,—,—,—,—,—,—,—,—,—,—
0187,Div Payout,24.4,13.5,14.6,—,19.6,—,—,—,—,—,—
0187,Shares,445,425,421,421,421,174,421,421,421,421,—
0187,BVPS,0.16,0.11,0.12,0.11,0.09,0.05,—,—,—,—,—
0187,OCF,4,1,8,11,-4,6,3,4,3,—,—
0187,FCF,3,—,5,9,-5,5,1,3,2,—,—
0187,NP Margin,2.55,3.90,4.96,9.15,5.89,5.86,9.52,11.02,5.67,1.10,—
0187,ROE,2.29,4.46,10.56,19.70,12.07,14.52,39.34,48.30,22.36,2.53,—
0187,Revenue GR,1.83,-34.34,12.11,21.54,17.12,1.05,26.08,44.23,85.59,—,—
0187,Revenue GR 3Y avg,—,-3.64,16.86,12.89,14.27,22.48,50.00,—,—,—,—
0187,Revenue GR 5Y avg,—,1.15,15.25,21.21,31.91,—,—,—,—,—,—
0187,Revenue GR 10Y avg,—,—,—,—,—,—,—,—,—,—,—
0187,NP GR,—,-15.98,10.55,11.38,-7.28,23.79,208.28,—,—,—,—
0187,NP GR 3Y avg,—,-15.38,-1.76,33.34,84.59,—,—,—,—,—,—
0187,NP GR 5Y avg,—,—,—,—,—,—,—,—,—,—,—
0187,NP GR 10Y avg,0.0,0.0,0.0,0.0,0.0,0.0,0.0,0.0,0.0,0.0,0.0
0187,EPS GR,-95.65,-48.36,-37.44,83.96,-51.60,50.58,8.95,180.06,860.19,—,—
0187,EPS GR 3Y avg,—,-15.92,-17.72,10.27,-7.40,66.25,208.28,—,—,—,—
0187,EPS GR 5Y avg,—,-15.41,-1.78,32.55,84.46,—,—,—,—,—,—
0187,EPS GR 10Y avg,—,—,—,—,—,—,—,—,—,—,—
0187,OCF GR,—,-85.06,-30.04,—,—,90.32,-16.78,43.86,—,—,—
0187,FCF GR,—,—,-46.20,—,—,713.20,-76.33,17.49,—,—,—
0187,D/E,0.04,0.06,0.09,0.11,0.13,0.12,0.27,0.24,0.23,0.30,—
0187,Price,0.2150,0.3050,0.1350,0.1800,0.1600,0.1700,0.0000,0.0,0.0,0.0,0.0
0189,Year End,TTM,2020-06,2019-06,2018-06,2017-06,2016-06,2015-06,2014-06,2013-06,2012-06,2011-06
0189,Revenue,12,10,10,13,10,7,7,9,9,—,—
0189,NP,4,2,2,4,1,2,2,2,2,—,—
0189,EPS,—,—,—,—,—,—,—,—,—,—,—
0189,DPS,—,—,—,—,—,—,—,—,—,—,—
0189,Div Payout,71.4,187.5,142.9,—,—,—,—,—,—,—,—
0189,Shares,"1,887","1,810","1,810","1,810","1,761","1,680","1,878","1,878","1,878",—,—
0189,BVPS,0.09,0.10,0.10,0.10,0.10,—,—,—,—,—,—
0189,OCF,6,3,3,6,2,2,3,2,3,—,—
0189,FCF,5,3,3,5,1,2,2,1,1,—,—
0189,NP Margin,31.80,16.78,18.79,32.35,13.00,22.24,24.34,21.74,21.79,—,—
0189,ROE,2.11,0.87,0.98,2.19,0.69,0.91,1.07,1.17,1.06,—,—
0189,Revenue GR,30.20,-1.39,-22.87,30.70,34.91,-3.26,-21.18,7.82,—,—,—
0189,Revenue GR 3Y avg,—,-0.20,10.79,19.48,0.95,-6.32,—,—,—,—,—
0189,Revenue GR 5Y avg,—,5.34,0.73,7.71,—,—,—,—,—,—,—
0189,Revenue GR 10Y avg,—,—,—,—,—,—,—,—,—,—,—
0189,NP GR,—,8.67,4.74,31.37,-14.96,-5.68,—,—,—,—,—
0189,NP GR 3Y avg,—,-2.21,-2.17,16.58,—,—,—,—,—,—,—
0189,NP GR 5Y avg,—,—,—,—,—,—,—,—,—,—,—
0189,NP GR 10Y avg,0.0,0.0,0.0,0.0,0.0,0.0,0.0,0.0,0.0,0.0,0.0
0189,EPS GR,75.00,-10.00,-56.52,228.57,-26.23,-1.25,-11.76,7.62,—,—,—
0189,EPS GR 3Y avg,—,8.74,1.77,33.77,-13.69,-2.12,—,—,—,—,—
0189,EPS GR 5Y avg,—,-1.30,-1.69,17.85,—,—,—,—,—,—,—
0189,EPS GR 10Y avg,—,—,—,—,—,—,—,—,—,—,—
0189,OCF GR,—,14.84,-51.95,188.96,-8.06,-26.97,34.21,-18.94,—,—,—
0189,FCF GR,—,16.11,-45.21,353.33,-41.43,-25.50,106.12,8.45,—,—,—
0189,D/E,—,—,—,—,—,—,—,—,—,—,—
0189,Price,0.1250,0.0650,0.0700,0.0700,0.1050,0.0000,0.0,0.0,0.0,0.0,0.0
0190,Year End,TTM,2020-12,2019-12,2018-12,2017-12,2016-12,2015-12,2014-12,2013-12,2012-12,2011-12
0190,Revenue,101,103,117,112,91,75,75,81,81,—,—
0190,NP,4,3,2,1,—,8,6,5,7,—,—
0190,EPS,0.02,0.01,0.01,—,—,0.07,0.02,0.02,0.03,—,—
0190,DPS,0.01,0.01,—,0.01,0.01,—,—,—,—,—,—
0190,Div Payout,62.5,—,—,344.2,46.1,—,—,—,—,—,—
0190,Shares,241,241,241,241,226,116,241,241,241,—,—
0190,BVPS,0.27,0.28,0.26,0.25,0.28,—,—,—,—,—,—
0190,OCF,11,8,9,6,-3,4,10,6,18,—,—
0190,FCF,9,6,8,-4,-7,—,9,-1,6,—,—
0190,NP Margin,3.80,3.29,1.39,0.75,0.47,10.72,7.74,6.54,8.11,—,—
0190,ROE,5.99,5.47,2.66,1.32,0.69,15.46,12.66,12.53,16.00,—,—
0190,Revenue GR,-7.87,-11.37,3.88,23.67,21.45,-0.74,-7.48,0.71,—,—,—
0190,Revenue GR 3Y avg,—,4.42,15.98,14.24,3.71,-2.57,—,—,—,—,—
0190,Revenue GR 5Y avg,—,6.54,7.46,6.79,—,—,—,—,—,—,—
0190,Revenue GR 10Y avg,—,—,—,—,—,—,—,—,—,—,—
0190,NP GR,—,99.09,-41.28,-47.42,-56.74,6.93,—,—,—,—,—
0190,NP GR 3Y avg,—,-10.23,-21.14,-33.58,—,—,—,—,—,—,—
0190,NP GR 5Y avg,—,—,—,—,—,—,—,—,—,—,—
0190,NP GR 10Y avg,0.0,0.0,0.0,0.0,0.0,0.0,0.0,0.0,0.0,0.0,0.0
0190,EPS GR,25.68,110.45,91.43,84.21,-97.24,184.30,9.50,-18.75,—,—,—
0190,EPS GR 3Y avg,—,95.05,-53.99,-47.51,-55.86,36.25,—,—,—,—,—
0190,EPS GR 5Y avg,—,-10.24,-21.23,-33.64,—,—,—,—,—,—,—
0190,EPS GR 10Y avg,—,—,—,—,—,—,—,—,—,—,—
0190,OCF GR,—,-16.57,50.80,—,—,-53.52,56.33,-64.88,—,—,—
0190,FCF GR,—,-31.55,—,—,—,-95.43,—,—,—,—,—
0190,D/E,0.12,0.13,0.14,0.02,0.03,0.02,0.03,0.07,0.02,—,—
0190,Price,0.2500,0.2800,0.1900,0.2100,0.3250,0.0000,0.0000,0.0,0.0,0.0,0.0
0192,Year End,TTM,2020-12,2019-12,2018-12,2017-12,2016-12,2015-12,2014-12,2013-12,2012-12,2011-12
0192,Revenue,311,280,412,383,289,257,272,246,—,—,—
0192,NP,11,8,22,21,16,13,12,11,—,—,—
0192,EPS,0.02,0.02,0.04,0.04,0.04,0.03,0.03,0.02,—,—,—
0192,DPS,0.01,0.01,0.01,—,—,—,—,—,—,—,—
0192,Div Payout,41.7,55.6,16.1,—,—,—,—,—,—,—,—
0192,Shares,535,535,535,535,411,340,535,535,—,—,—
0192,BVPS,0.27,0.26,0.26,0.21,0.17,—,—,—,—,—,—
0192,OCF,18,4,20,7,4,22,6,12,—,—,—
0192,FCF,13,-1,18,-6,-2,21,4,6,—,—,—
0192,NP Margin,3.52,2.89,5.45,5.53,5.47,4.89,4.23,4.31,—,—,—
0192,ROE,7.75,5.86,17.41,19.37,17.87,20.67,31.05,33.83,—,—,—
0192,Revenue GR,46.34,-31.90,7.45,32.73,12.23,-5.44,10.62,—,—,—,—
0192,Revenue GR 3Y avg,—,-0.97,16.98,12.10,5.49,—,—,—,—,—,—
0192,Revenue GR 5Y avg,—,0.61,10.86,—,—,—,—,—,—,—,—
0192,Revenue GR 10Y avg,—,—,—,—,—,—,—,—,—,—,—
0192,NP GR,—,-19.95,21.28,22.58,14.25,—,—,—,—,—,—
0192,NP GR 3Y avg,—,-6.78,16.21,—,—,—,—,—,—,—,—
0192,NP GR 5Y avg,—,—,—,—,—,—,—,—,—,—,—
0192,NP GR 10Y avg,0.0,0.0,0.0,0.0,0.0,0.0,0.0,0.0,0.0,0.0,0.0
0192,EPS GR,92.98,-63.96,5.81,3.13,63.33,-12.76,8.68,—,—,—,—
0192,EPS GR 3Y avg,—,-26.74,21.24,13.69,15.70,—,—,—,—,—,—
0192,EPS GR 5Y avg,—,-10.94,11.06,—,—,—,—,—,—,—,—
0192,EPS GR 10Y avg,—,—,—,—,—,—,—,—,—,—,—
0192,OCF GR,—,-79.85,167.11,105.15,-83.47,243.52,-46.95,—,—,—,—
0192,FCF GR,—,—,—,—,—,439.53,-32.18,—,—,—,—
0192,D/E,0.04,0.05,0.06,0.08,0.09,0.12,0.28,0.32,—,—,—
0192,Price,0.3000,0.3050,0.2700,0.2800,0.3650,0.0000,0.0,0.0,0.0,0.0,0.0
0193,Year End,TTM,2020-12,2019-12,2018-12,2017-12,2016-12,2015-12,2014-12,2013-12,2012-12,2011-12
0193,Revenue,169,151,160,139,115,93,87,57,—,—,—
0193,NP,5,5,10,9,7,7,5,4,—,—,—
0193,EPS,—,—,—,0.01,0.01,—,—,—,—,—,—
0193,DPS,—,—,—,—,—,—,—,—,—,—,—
0193,Div Payout,—,48.0,39.3,37.4,—,—,—,—,—,—,—
0193,Shares,"2,970","3,007","3,388","1,444","1,128","1,444","1,444","1,444",—,—,—
0193,BVPS,0.05,0.04,0.04,0.03,0.02,—,—,—,—,—,—
0193,OCF,-22,-24,2,1,2,9,-3,1,—,—,—
0193,FCF,-24,-26,1,1,-1,9,-7,1,—,—,—
0193,NP Margin,3.18,3.51,6.54,6.16,5.92,7.04,5.22,6.80,—,—,—
0193,ROE,6.62,6.98,17.45,18.79,22.96,49.03,51.42,54.79,—,—,—
0193,Revenue GR,57.16,-5.55,14.75,21.43,23.01,6.92,52.93,—,—,—,—
0193,Revenue GR 3Y avg,—,9.59,19.68,16.89,26.23,—,—,—,—,—,—
0193,Revenue GR 5Y avg,—,11.60,22.89,—,—,—,—,—,—,—,—
0193,Revenue GR 10Y avg,—,—,—,—,—,—,—,—,—,—,—
0193,NP GR,—,-7.93,16.77,23.48,20.48,—,—,—,—,—,—
0193,NP GR 3Y avg,—,3.06,21.92,—,—,—,—,—,—,—,—
0193,NP GR 5Y avg,—,—,—,—,—,—,—,—,—,—,—
0193,NP GR 10Y avg,0.0,0.0,0.0,0.0,0.0,0.0,0.0,0.0,0.0,0.0,0.0
0193,EPS GR,-52.65,-69.61,-1.49,-1.11,32.29,44.13,17.40,—,—,—,—
0193,EPS GR 3Y avg,—,-33.35,8.82,23.54,30.81,—,—,—,—,—,—
0193,EPS GR 5Y avg,—,-10.80,16.87,—,—,—,—,—,—,—,—
0193,EPS GR 10Y avg,—,—,—,—,—,—,—,—,—,—,—
0193,OCF GR,—,—,30.37,-27.87,-78.58,—,—,—,—,—,—
0193,FCF GR,—,—,84.02,—,—,—,—,—,—,—,—
0193,D/E,0.08,0.07,0.09,0.11,0.14,0.31,0.56,0.33,—,—,—
0193,Price,1.8300,1.0500,0.9650,0.1950,0.3000,0.0000,0.0,0.0,0.0,0.0,0.0
0197,Year End,TTM,2020-12,2019-12,2018-12,2017-12,2016-12,2015-12,2014-12,2013-12,2012-12,2011-12
0197,Revenue,113,108,85,95,86,86,66,39,—,—,—
0197,NP,10,9,8,12,29,15,13,3,—,—,—
0197,EPS,0.02,0.02,0.02,0.03,0.04,0.08,0.03,0.01,—,—,—
0197,DPS,0.01,0.01,0.01,0.01,—,—,—,—,—,—,—
0197,Div Payout,24.8,50.0,19.0,10.5,—,—,—,—,—,—,—
0197,Shares,511,500,500,482,500,500,500,500,—,—,—
0197,BVPS,0.16,0.16,0.15,0.13,—,—,—,—,—,—,—
0197,OCF,-6,4,11,14,9,15,14,5,—,—,—
0197,FCF,-21,-8,-5,-6,-1,-6,9,4,—,—,—
0197,NP Margin,9.05,8.14,9.30,13.14,33.72,17.87,19.56,7.57,—,—,—
0197,ROE,12.37,10.74,10.49,23.11,97.68,67.37,84.06,30.18,—,—,—
0197,Revenue GR,25.59,25.96,-10.13,10.18,0.67,29.33,67.99,—,—,—,—
0197,Revenue GR 3Y avg,—,7.64,-0.11,12.78,29.81,—,—,—,—,—,—
0197,Revenue GR 5Y avg,—,10.18,16.71,—,—,—,—,—,—,—,—
0197,Revenue GR 10Y avg,—,—,—,—,—,—,—,—,—,—,—
0197,NP GR,—,-32.97,-19.64,-1.24,113.62,—,—,—,—,—,—
0197,NP GR 3Y avg,—,-7.53,21.64,—,—,—,—,—,—,—,—
0197,NP GR 5Y avg,—,—,—,—,—,—,—,—,—,—,—
0197,NP GR 10Y avg,0.0,0.0,0.0,0.0,0.0,0.0,0.0,0.0,0.0,0.0,0.0
0197,EPS GR,288.89,10.06,-38.61,-55.45,89.99,-5.48,334.31,—,—,—,—
0197,EPS GR 3Y avg,—,-32.98,-19.61,-7.17,98.31,—,—,—,—,—,—
0197,EPS GR 5Y avg,—,-11.58,16.36,—,—,—,—,—,—,—,—
0197,EPS GR 10Y avg,—,—,—,—,—,—,—,—,—,—,—
0197,OCF GR,—,-67.61,-19.90,56.90,-39.06,2.68,218.54,—,—,—,—
0197,FCF GR,—,—,—,—,—,—,134.83,—,—,—,—
0197,D/E,0.34,0.27,0.23,0.24,0.48,0.53,0.16,0.09,—,—,—
0197,Price,0.3250,0.3450,0.2700,0.3300,0.0000,0.0000,0.0,0.0,0.0,0.0,0.0
