code,detail,TTM,Y1,Y2,Y3,Y4,Y5,Y6,Y7,Y8,Y9,Y10
7249,Year End,TTM,2020-12,2019-12,2018-12,2017-12,2016-12,2015-12,2014-12,2013-12,2012-12,2011-12
7249,Revenue,173,193,238,198,93,75,88,45,52,86,90
7249,NP,12,12,38,39,9,12,11,3,2,5,6
7249,EPS,0.04,0.04,0.13,0.12,0.02,0.05,0.05,0.02,0.01,0.03,0.04
7249,DPS,0.04,0.04,—,—,—,—,—,—,0.01,0.02,0.02
7249,Div Payout,90.9,—,3.6,4.4,11.7,7.8,8.6,52.7,62.9,52.2,28.8
7249,Shares,305,301,290,320,289,260,242,208,201,201,134
7249,BVPS,0.91,0.92,0.88,0.75,0.62,0.59,0.53,0.48,0.60,0.60,0.57
7249,OCF,57,41,73,-31,27,-18,-112,-24,-14,12,8
7249,FCF,57,41,72,-34,25,-19,-115,-25,-15,5,6
7249,NP Margin,6.85,6.00,15.90,19.73,9.75,15.40,12.98,7.08,3.17,5.86,6.12
7249,ROE,4.44,4.41,15.37,18.20,5.34,8.67,9.70,3.28,2.02,6.33,7.16
7249,Revenue GR,-42.60,-18.75,20.17,112.59,24.51,-14.78,96.53,-14.14,-39.59,-4.71,-23.12
7249,Revenue GR 3Y avg,—,27.56,47.07,31.15,27.76,12.88,0.64,-20.93,-23.80,-4.19,-6.29
7249,Revenue GR 5Y avg,—,17.11,39.73,30.65,1.58,-3.71,-5.67,-14.53,-13.88,-3.84,—
7249,Revenue GR 10Y avg,—,5.10,9.29,6.07,-1.17,—,—,—,—,—,—
7249,NP GR,—,8.52,48.64,50.81,42.11,91.26,31.14,-16.98,-43.56,-17.92,-15.82
7249,NP GR 3Y avg,—,0.37,64.26,88.38,12.45,15.82,4.46,-19.10,-29.22,-11.74,—
7249,NP GR 5Y avg,—,2.40,15.28,15.47,-0.38,—,—,—,—,—,—
7249,NP GR 10Y avg,0.0,0.0,0.0,0.0,0.0,0.0,0.0,0.0,0.0,0.0,0.0
7249,EPS GR,6.25,-68.58,0.31,288.62,-33.47,-7.04,235.40,85.21,-78.29,-8.58,-39.63
7249,EPS GR 3Y avg,—,6.99,37.39,33.96,27.54,79.41,10.49,-28.36,-50.70,-17.89,-16.67
7249,EPS GR 5Y avg,—,-5.40,51.90,71.72,-3.56,2.77,-5.73,-25.96,-35.13,-12.85,—
7249,EPS GR 10Y avg,—,-5.57,6.05,5.54,-8.32,—,—,—,—,—,—
7249,OCF GR,—,-43.06,—,—,—,—,—,—,—,47.37,-30.96
7249,FCF GR,—,-42.57,—,—,—,—,—,—,—,-15.50,-31.63
7249,D/E,0.08,0.08,0.23,0.21,0.24,0.65,0.79,0.36,0.49,0.48,0.02
7249,Price,0.3500,0.3450,0.5500,0.5300,0.4400,0.6650,1.2800,0.4600,1.0000,0.7700,0.6000
7252,Year End,TTM,2020-12,2019-12,2018-12,2017-12,2016-12,2015-12,2014-12,2013-12,2012-03,2011-03
7252,Revenue,478,478,547,490,423,434,413,381,331,267,207
7252,NP,1,4,59,30,3,24,41,49,23,17,22
7252,EPS,0.01,0.01,0.20,0.10,0.01,0.07,0.13,0.16,0.08,0.06,0.07
7252,DPS,—,0.01,0.07,0.01,—,0.03,0.03,0.04,0.01,0.01,0.01
7252,Div Payout,—,42.3,26.4,5.4,—,48.0,—,35.8,—,—,—
7252,Shares,294,294,294,300,300,300,308,300,300,300,300
7252,BVPS,1.05,1.06,1.04,0.87,0.66,0.69,0.65,0.50,0.42,—,—
7252,OCF,29,32,101,65,6,33,37,64,37,20,23
7252,FCF,-13,-13,71,37,-23,-19,9,41,20,4,8
7252,NP Margin,0.31,0.88,10.77,6.20,0.82,5.43,9.93,12.76,7.08,6.46,10.65
7252,ROE,0.48,1.36,20.13,11.54,1.51,11.78,23.43,33.43,19.21,16.17,24.50
7252,Revenue GR,-0.46,-12.49,11.47,16.02,-2.56,5.08,8.35,15.17,—,28.82,—
7252,Revenue GR 3Y avg,—,4.21,8.01,5.91,3.52,9.45,—,17.56,19.77,13.80,—
7252,Revenue GR 5Y avg,—,2.99,7.49,8.19,—,13.66,16.91,13.76,13.53,—,—
7252,Revenue GR 10Y avg,—,10.21,10.80,11.01,—,—,—,—,—,—,—
7252,NP GR,—,6.58,35.69,-9.49,-58.56,0.18,—,23.35,12.29,11.01,—
7252,NP GR 3Y avg,—,-36.63,3.89,5.35,—,1.10,18.87,26.41,11.48,—,—
7252,NP GR 5Y avg,—,-11.26,15.38,8.58,—,—,—,—,—,—,—
7252,NP GR 10Y avg,0.0,0.0,0.0,0.0,0.0,0.0,0.0,0.0,0.0,0.0,0.0
7252,EPS GR,-141.54,-92.86,97.63,780.87,-85.37,-40.95,-17.87,107.60,—,-21.92,—
7252,EPS GR 3Y avg,—,7.53,36.57,-8.70,-58.60,0.23,—,23.35,12.28,6.71,—
7252,EPS GR 5Y avg,—,-35.99,4.32,5.35,—,1.13,18.33,23.84,7.40,—,—
7252,EPS GR 10Y avg,—,-11.07,14.34,6.44,—,—,—,—,—,—,—
7252,OCF GR,—,-68.22,55.68,922.80,-81.01,-9.20,-42.49,70.90,—,-12.59,—
7252,FCF GR,—,—,94.55,—,—,—,-78.06,104.47,—,-49.10,—
7252,D/E,0.20,0.21,0.20,0.20,0.21,0.25,0.12,0.05,0.04,0.09,0.08
7252,Price,0.7850,0.8850,1.2900,0.9650,1.0000,1.1500,1.5100,1.8200,0.6300,0.5300,0.5300
7277,Year End,TTM,2020-06,2019-06,2018-06,2017-06,2016-06,2015-06,2014-06,2013-06,2012-06,2011-06
7277,Revenue,"1,628","2,303","2,386","3,111","3,393","2,534","2,358","2,552","2,237","1,634","1,208"
7277,NP,561,630,536,510,371,295,275,216,193,177,160
7277,EPS,0.10,0.11,0.10,0.09,0.07,0.06,0.05,0.04,0.04,0.03,0.03
7277,DPS,0.03,0.04,0.03,0.03,0.02,0.02,0.02,0.02,0.02,0.01,0.01
7277,Div Payout,31.2,34.9,35.3,29.8,34.3,40.9,31.5,37.9,40.0,40.2,—
7277,Shares,"5,641","5,638","5,638","5,636","5,410","5,244","5,091","5,053","4,867","4,657","4,355"
7277,BVPS,0.89,0.72,0.67,0.62,0.52,0.44,0.38,0.31,0.27,0.24,—
7277,OCF,733,847,334,442,592,442,407,130,344,129,168
7277,FCF,-519,-13,-189,98,507,314,293,—,250,-65,109
7277,NP Margin,34.48,27.37,22.45,16.41,10.92,11.64,11.67,8.46,8.64,10.83,12.60
7277,ROE,12.36,15.91,14.70,15.44,13.41,13.42,15.55,14.83,15.18,19.92,28.72
7277,Revenue GR,-19.84,-3.48,-23.28,-8.32,33.87,7.48,-7.58,14.06,36.93,35.21,—
7277,Revenue GR 3Y avg,—,-12.11,-1.99,9.67,9.96,4.25,13.01,28.29,25.23,13.94,—
7277,Revenue GR 5Y avg,—,-0.47,-1.33,6.81,15.74,15.97,15.66,18.23,22.92,27.94,—
7277,Revenue GR 10Y avg,—,7.30,8.01,14.58,21.69,21.91,24.97,—,—,—,—
7277,NP GR,—,19.37,22.02,22.87,19.74,15.12,15.84,10.47,15.74,20.37,—
7277,NP GR 3Y avg,—,18.03,19.94,21.43,15.93,12.99,17.16,16.29,18.84,27.97,—
7277,NP GR 5Y avg,—,17.59,18.10,20.13,21.80,20.20,23.77,—,—,—,—
7277,NP GR 10Y avg,0.0,0.0,0.0,0.0,0.0,0.0,0.0,0.0,0.0,0.0,0.0
7277,EPS GR,-10.07,17.68,4.86,32.26,21.89,4.07,25.00,8.82,4.47,8.64,—
7277,EPS GR 3Y avg,—,17.74,19.12,18.83,16.61,12.28,12.43,7.29,13.29,22.05,—
7277,EPS GR 5Y avg,—,15.67,17.07,17.94,12.51,9.95,14.62,15.63,18.24,27.54,—
7277,EPS GR 10Y avg,—,15.14,16.35,18.09,19.79,18.38,21.76,—,—,—,—
7277,OCF GR,—,153.23,-24.31,-25.37,33.83,8.71,212.50,-62.17,166.00,-23.15,—
7277,FCF GR,—,—,—,-80.61,61.69,6.96,—,-99.92,—,—,—
7277,D/E,0.32,0.36,0.35,0.35,0.32,0.30,0.30,0.54,0.51,0.21,0.10
7277,Price,3.1100,3.6100,3.2600,3.0900,1.9200,1.5400,1.5900,3.7900,2.8200,2.3500,2.7600
7293,Year End,TTM,2021-01,2020-01,2019-01,2018-01,2017-01,2016-01,2015-01,2014-01,2013-01,2012-01
7293,Revenue,"5,497","4,849","2,519","1,031",910,543,424,"1,083",942,865,716
7293,NP,380,315,210,235,292,197,225,248,66,34,27
7293,EPS,0.35,0.29,0.19,0.21,0.27,0.18,0.21,0.26,0.20,0.06,0.12
7293,DPS,0.06,0.06,0.06,0.06,0.06,0.02,0.01,0.01,0.01,0.01,0.01
7293,Div Payout,16.9,21.1,32.7,28.0,7.6,11.1,5.4,6.5,11.5,6.8,6.8
7293,Shares,"1,065","1,066","1,079","1,105","1,092","1,090","1,067",950,688,616,227
7293,BVPS,3.69,3.49,3.35,3.13,2.43,2.14,2.15,1.25,0.23,0.43,0.46
7293,OCF,-943,-775,917,530,497,-54,420,71,-43,-52,23
7293,FCF,"-1,106","-1,060",-305,-642,51,"-1,410","-1,459",-79,-46,-75,15
7293,NP Margin,6.91,6.50,8.33,22.77,32.10,36.28,52.94,22.86,7.05,3.92,3.71
7293,ROE,10.23,8.79,6.17,7.89,11.60,8.46,12.14,24.95,16.27,15.45,19.03
7293,Revenue GR,188.58,92.47,144.26,13.33,67.56,27.99,-60.83,15.03,8.86,20.87,11.70
7293,Revenue GR 3Y avg,—,74.66,66.77,34.45,-5.65,-16.76,-21.14,14.81,13.70,22.53,4.02
7293,Revenue GR 5Y avg,—,62.77,18.39,1.83,1.02,-5.37,-7.91,18.16,8.17,12.35,11.31
7293,Revenue GR 10Y avg,—,22.43,18.27,4.95,6.53,2.63,-0.46,—,—,—,—
7293,NP GR,—,2.54,2.13,1.50,5.66,43.68,87.86,110.46,53.02,62.14,27.52
7293,NP GR 3Y avg,—,6.99,-3.25,28.74,53.86,49.29,64.69,98.93,38.98,21.12,19.28
7293,NP GR 5Y avg,—,32.74,38.73,33.76,36.51,33.45,38.45,—,—,—,—
7293,NP GR 10Y avg,0.0,0.0,0.0,0.0,0.0,0.0,0.0,0.0,0.0,0.0,0.0
7293,EPS GR,147.06,53.93,-10.33,-20.52,48.07,-14.22,-19.16,170.24,75.14,-31.81,35.58
7293,EPS GR 3Y avg,—,3.13,1.81,0.32,0.89,23.29,56.41,47.78,17.43,29.19,25.19
7293,EPS GR 5Y avg,—,6.86,-6.05,17.14,37.19,17.49,28.75,59.14,18.57,5.66,18.45
7293,EPS GR 10Y avg,—,17.29,22.27,17.85,20.40,17.97,22.71,—,—,—,—
7293,OCF GR,—,—,73.16,6.57,—,—,487.13,—,—,—,—
7293,FCF GR,—,—,—,—,—,—,—,—,—,—,—
7293,D/E,1.34,1.44,0.97,0.83,1.01,1.32,0.64,0.33,1.25,0.50,0.46
7293,Price,5.2200,5.2000,6.2000,4.1000,4.2200,3.1100,2.8400,7.4000,2.2000,1.9900,0.9800
7374,Year End,TTM,2020-12,2019-12,2018-12,2017-12,2016-12,2015-12,2014-12,2013-12,2012-12,2011-12
7374,Revenue,259,277,346,341,417,329,367,354,380,408,389
7374,NP,—,-1,-20,-6,-20,64,34,14,25,27,26
7374,EPS,—,-0.01,-0.14,-0.04,-0.14,0.45,0.29,0.12,0.21,0.24,0.23
7374,DPS,0.06,0.06,0.08,0.04,0.10,0.16,0.07,0.08,0.14,0.21,0.12
7374,Div Payout,—,—,—,—,47.8,71.3,33.6,63.5,82.5,90.6,62.8
7374,Shares,145,145,145,145,145,143,116,116,116,116,116
7374,BVPS,2.00,1.99,2.14,2.28,2.22,2.29,2.42,2.03,2.04,1.88,1.64
7374,OCF,86,87,72,32,33,35,56,50,51,68,80
7374,FCF,78,77,40,-23,-71,-9,41,24,37,59,49
7374,NP Margin,0.05,-0.42,-5.79,-1.80,-4.72,19.53,9.25,3.83,6.45,6.66,6.67
7374,ROE,0.04,-0.41,-6.48,-1.86,-5.51,19.29,13.04,5.81,10.99,12.46,12.69
7374,Revenue GR,-21.54,-19.89,1.39,-18.04,26.76,-10.53,3.87,-7.02,-6.79,5.02,9.56
7374,Revenue GR 3Y avg,—,-12.68,1.75,-2.41,5.62,-4.75,-3.44,-3.09,2.36,7.49,27.82
7374,Revenue GR 5Y avg,—,-5.46,-0.42,-2.13,0.42,-3.29,0.71,1.48,15.37,25.77,27.39
7374,Revenue GR 10Y avg,—,-2.43,0.52,6.26,12.38,11.00,—,—,—,—,—
7374,NP GR,—,—,—,—,—,37.81,7.74,-19.48,21.07,20.70,11.49
7374,NP GR 3Y avg,—,—,—,—,—,19.88,19.71,-2.62,5.57,14.09,25.17
7374,NP GR 5Y avg,—,—,—,—,—,22.50,—,—,—,—,—
7374,NP GR 10Y avg,0.0,0.0,0.0,0.0,0.0,0.0,0.0,0.0,0.0,0.0,0.0
7374,EPS GR,63.38,—,—,—,—,52.27,151.14,-44.82,-9.73,4.65,58.24
7374,EPS GR 3Y avg,—,—,—,—,—,28.26,7.74,-19.52,14.34,12.34,3.85
7374,EPS GR 5Y avg,—,—,—,—,—,14.79,15.68,-6.72,1.13,9.15,19.60
7374,EPS GR 10Y avg,—,—,—,—,—,17.17,—,—,—,—,—
7374,OCF GR,—,20.25,123.27,-1.26,-7.03,-37.00,11.33,-1.16,-25.30,-15.56,305.51
7374,FCF GR,—,94.45,—,—,—,—,73.94,-35.50,-37.72,19.35,—
7374,D/E,0.09,0.11,0.22,0.19,0.20,0.23,0.04,0.06,0.07,0.16,0.30
7374,Price,0.9050,0.9150,1.1100,1.1200,1.5400,1.7600,2.5700,1.8600,2.6800,2.0000,1.7900
7501,Year End,TTM,2020-12,2019-12,2018-12,2017-12,2016-12,2015-12,2014-12,2013-12,2012-12,2011-12
7501,Revenue,130,122,117,186,325,270,243,272,257,217,167
7501,NP,103,99,-58,-21,7,-8,-14,2,136,-1,13
7501,EPS,0.55,0.52,-0.34,-0.12,0.03,-0.04,-0.07,0.01,0.73,—,0.07
7501,DPS,—,—,—,—,—,—,0.03,0.05,—,—,0.02
7501,Div Payout,—,—,—,—,—,—,—,6.5,—,—,—
7501,Shares,193,189,173,173,178,182,185,185,185,185,185
7501,BVPS,1.72,1.74,1.55,1.73,1.80,1.72,1.79,1.86,1.34,1.37,1.32
7501,OCF,-112,-85,17,60,56,27,11,102,24,21,41
7501,FCF,-115,-87,11,28,23,-6,-18,70,4,-3,—
7501,NP Margin,79.12,81.00,-49.86,-11.40,2.21,-3.09,-5.78,0.90,52.99,-0.23,7.97
7501,ROE,37.20,35.14,-21.88,-6.93,2.28,-2.61,-4.22,0.70,44.86,-0.20,5.33
7501,Revenue GR,28.11,4.30,-37.06,-42.85,20.56,10.84,-10.46,5.75,18.17,30.32,26.83
7501,Revenue GR 3Y avg,—,-27.88,-24.31,-8.59,6.17,1.63,3.82,17.65,25.00,28.23,6.64
7501,Revenue GR 5Y avg,—,-12.90,-15.51,-6.27,8.38,10.08,13.09,21.38,13.30,16.55,18.66
7501,Revenue GR 10Y avg,—,-0.75,1.27,3.05,12.39,14.29,—,—,—,—,—
7501,NP GR,—,139.70,—,—,43.33,—,—,-43.21,119.70,—,-14.10
7501,NP GR 3Y avg,—,—,—,—,—,—,—,-18.81,45.35,—,19.36
7501,NP GR 5Y avg,—,22.64,—,—,-5.47,—,—,—,—,—,—
7501,NP GR 10Y avg,0.0,0.0,0.0,0.0,0.0,0.0,0.0,0.0,0.0,0.0,0.0
7501,EPS GR,-49.60,—,—,—,—,—,—,-98.23,—,—,4.35
7501,EPS GR 3Y avg,—,135.49,—,—,45.45,—,—,-43.48,119.93,—,-13.95
7501,EPS GR 5Y avg,—,—,—,—,—,—,—,-18.88,45.39,—,19.14
7501,EPS GR 10Y avg,—,22.44,—,—,-5.17,—,—,—,—,—,—
7501,OCF GR,—,—,-70.94,7.33,109.10,146.55,-89.38,318.21,13.98,-47.23,71.39
7501,FCF GR,—,—,-59.45,25.76,—,—,—,—,—,—,—
7501,D/E,0.19,0.19,0.13,0.28,0.22,0.21,0.13,0.09,0.02,0.34,0.30
7501,Price,0.6300,0.7300,0.5800,0.3400,0.6200,0.8000,1.0000,1.0700,1.5000,0.8900,0.8000
7528,Year End,TTM,2020-12,2019-12,2018-12,2017-12,2016-12,2015-12,2014-12,2013-12,2012-12,2011-12
7528,Revenue,195,172,186,218,232,246,222,211,227,214,184
7528,NP,17,13,6,6,5,51,24,21,24,20,19
7528,EPS,0.18,0.14,0.06,0.06,0.06,0.55,0.26,0.23,0.26,0.22,0.21
7528,DPS,0.03,0.03,0.03,0.03,0.03,0.03,0.03,0.03,0.03,0.03,0.02
7528,Div Payout,16.2,71.1,27.4,39.6,6.4,13.0,12.9,10.9,13.2,13.7,30.0
7528,Shares,93,93,93,93,93,93,93,93,93,93,93
7528,BVPS,4.46,4.40,4.41,4.31,4.29,3.96,3.81,3.48,3.20,3.05,2.68
7528,OCF,-6,-1,41,21,47,13,21,10,74,10,-4
7528,FCF,-8,-3,38,17,31,7,12,4,72,6,-21
7528,NP Margin,8.76,7.55,3.19,2.55,2.30,20.67,10.75,9.94,10.68,9.50,10.47
7528,ROE,4.19,3.22,1.49,1.40,1.35,13.53,6.98,6.60,8.19,7.40,7.48
7528,Revenue GR,92.30,-7.48,-14.34,-6.38,-5.61,10.80,5.31,-7.05,6.16,16.29,-3.61
7528,Revenue GR 3Y avg,—,-9.47,-8.87,-0.70,3.27,2.74,1.29,4.69,5.97,-8.18,-8.31
7528,Revenue GR 5Y avg,—,-4.95,-2.45,-0.85,1.68,6.01,3.10,-5.24,-0.99,2.30,3.96
7528,Revenue GR 10Y avg,—,-1.01,-3.86,-0.92,1.99,4.98,—,—,—,—,—
7528,NP GR,—,34.63,-51.10,-38.54,-36.63,28.05,5.57,2.90,37.70,8.92,-20.11
7528,NP GR 3Y avg,—,-11.43,-22.27,-25.54,-23.45,21.47,20.81,5.95,-8.48,7.24,54.39
7528,NP GR 5Y avg,—,3.44,-9.25,-17.45,-9.40,36.94,—,—,—,—,—
7528,NP GR 10Y avg,0.0,0.0,0.0,0.0,0.0,0.0,0.0,0.0,0.0,0.0,0.0
7528,EPS GR,—,118.85,7.36,3.82,-89.51,113.04,13.93,-13.50,19.41,5.49,107.39
7528,EPS GR 3Y avg,—,34.61,-51.10,-38.55,-36.62,28.05,5.57,2.90,37.72,8.92,-20.11
7528,EPS GR 5Y avg,—,-11.42,-22.27,-25.55,-23.44,21.47,20.82,5.94,-8.48,7.24,54.35
7528,EPS GR 10Y avg,—,3.45,-9.25,-17.46,-9.39,36.92,—,—,—,—,—
7528,OCF GR,—,—,91.12,-54.70,265.19,-38.72,114.76,-86.84,668.38,—,—
7528,FCF GR,—,—,128.68,-46.98,356.80,-44.81,225.16,-94.64,—,—,—
7528,D/E,0.09,0.09,0.12,0.14,0.16,0.20,0.33,0.38,0.39,0.24,0.04
7528,Price,1.5500,1.5100,1.7200,1.7900,1.7000,1.5000,1.7600,1.7700,1.5200,1.1000,1.0400
7579,Year End,TTM,2020-06,2019-06,2018-06,2017-06,2016-06,2015-06,2014-06,2013-06,2012-06,2011-06
7579,Revenue,322,315,333,304,296,249,128,120,145,111,154
7579,NP,-7,-19,21,22,22,17,8,7,5,4,8
7579,EPS,-0.03,-0.06,0.07,0.08,0.08,0.07,0.03,0.03,0.02,0.01,0.03
7579,DPS,0.01,0.01,0.01,0.01,0.02,—,—,—,0.03,0.03,0.02
7579,Div Payout,—,48.9,5.8,12.1,23.3,—,—,—,107.8,54.0,—
7579,Shares,301,293,287,275,277,255,225,225,225,225,226
7579,BVPS,0.64,0.70,0.68,0.58,0.51,0.45,0.38,0.32,0.31,0.31,—
7579,OCF,48,24,20,-15,36,-1,15,-21,25,-9,16
7579,FCF,48,23,18,-17,31,-4,14,-22,24,-11,14
7579,NP Margin,-2.08,-5.96,6.43,7.13,7.43,6.89,6.31,5.82,3.14,3.71,5.37
7579,ROE,-3.27,-10.02,11.81,14.20,16.92,16.27,9.47,9.26,6.32,5.72,11.69
7579,Revenue GR,12.31,-5.29,9.43,2.52,19.30,94.14,7.12,-17.58,30.37,-27.73,—
7579,Revenue GR 3Y avg,—,2.04,10.20,33.41,35.38,19.68,4.80,-8.09,-7.76,4.57,—
7579,Revenue GR 5Y avg,—,19.74,22.72,15.96,21.66,10.06,-7.07,4.20,8.13,0.75,—
7579,Revenue GR 10Y avg,—,5.48,13.08,11.97,10.71,11.14,—,—,—,—,—
7579,NP GR,—,—,7.67,38.90,46.86,55.50,25.10,-5.61,-27.23,8.96,—
7579,NP GR 3Y avg,—,—,25.19,36.60,39.77,15.69,-7.32,16.85,—,-7.71,—
7579,NP GR 5Y avg,—,—,20.95,—,13.57,13.06,—,—,—,—,—
7579,NP GR 10Y avg,0.0,0.0,0.0,0.0,0.0,0.0,0.0,0.0,0.0,0.0,0.0
7579,EPS GR,43.88,—,-5.46,-0.25,14.49,91.67,16.13,55.00,11.11,-51.35,—
7579,EPS GR 3Y avg,—,—,2.59,29.84,36.59,51.10,25.99,-5.73,-27.28,8.74,—
7579,EPS GR 5Y avg,—,—,19.17,31.55,34.42,13.27,-7.09,17.23,—,-7.87,—
7579,EPS GR 10Y avg,—,—,18.20,—,11.28,12.08,—,—,—,—,—
7579,OCF GR,—,20.36,—,—,—,—,—,—,—,—,—
7579,FCF GR,—,25.87,—,—,—,—,—,—,—,—,—
7579,D/E,0.06,0.12,0.08,0.07,0.02,0.01,—,0.02,0.04,0.06,0.06
7579,Price,0.6600,0.4500,0.7350,0.6650,1.1000,0.8050,0.3600,0.2650,0.2400,0.2500,0.2600
7668,Year End,TTM,2020-04,2019-04,2018-04,2017-04,2016-04,2015-04,2014-04,2013-04,2012-04,2011-04
7668,Revenue,255,252,325,459,404,298,240,253,268,240,223
7668,NP,41,33,48,72,59,36,30,40,47,34,28
7668,EPS,0.14,0.11,0.16,0.24,0.20,0.12,0.10,0.13,0.15,0.11,0.09
7668,DPS,0.10,0.12,0.17,0.16,0.10,0.10,0.09,0.07,0.07,0.05,0.11
7668,Div Payout,71.0,114.3,109.7,53.9,55.5,85.4,87.8,39.8,56.4,43.9,—
7668,Shares,301,302,302,302,301,303,305,307,308,310,311
7668,BVPS,1.02,0.98,0.99,1.00,0.89,0.82,0.81,0.80,0.75,0.70,—
7668,OCF,50,36,29,53,64,42,27,26,36,50,14
7668,FCF,49,36,22,41,54,40,23,21,27,47,2
7668,NP Margin,16.02,12.94,14.68,15.73,14.71,12.21,12.41,15.89,17.60,14.20,12.71
7668,ROE,13.53,10.68,15.45,24.38,21.94,14.22,11.72,16.32,20.45,15.96,13.92
7668,Revenue GR,0.31,-22.59,-29.22,13.63,35.82,24.09,-5.36,-5.42,11.86,7.29,—
7668,Revenue GR 3Y avg,—,-14.61,2.99,24.18,16.84,3.57,0.04,4.32,-19.37,-18.05,—
7668,Revenue GR 5Y avg,—,0.97,5.11,11.38,11.03,5.92,-14.04,-10.25,-6.44,4.81,—
7668,Revenue GR 10Y avg,—,-6.84,-2.87,2.08,7.88,7.32,—,—,—,—,—
7668,NP GR,—,-18.18,9.52,34.40,13.88,-8.31,-4.35,12.39,-12.59,-13.36,—
7668,NP GR 3Y avg,—,1.83,3.46,8.91,11.83,5.08,-15.87,-5.09,-0.58,9.72,—
7668,NP GR 5Y avg,—,-7.44,-0.91,4.06,10.77,13.57,—,—,—,—,—
7668,NP GR 10Y avg,0.0,0.0,0.0,0.0,0.0,0.0,0.0,0.0,0.0,0.0,0.0
7668,EPS GR,35.11,-31.71,-33.96,21.13,64.76,22.86,-25.61,-14.25,39.78,20.13,—
7668,EPS GR 3Y avg,—,-18.25,9.64,34.85,14.62,-7.80,-3.75,12.92,-12.29,-18.63,—
7668,EPS GR 5Y avg,—,2.03,3.79,9.36,12.54,5.65,-15.51,-8.38,-3.81,1.84,—
7668,EPS GR 10Y avg,—,-7.16,-2.48,2.56,7.05,9.05,—,—,—,—,—
7668,OCF GR,—,26.82,-45.88,-17.70,53.60,54.98,2.66,-28.03,-27.13,260.95,—
7668,FCF GR,—,62.13,-45.81,-25.02,36.30,69.16,10.79,-22.27,-42.23,—,—
7668,D/E,0.01,0.01,—,—,—,—,—,0.01,0.03,0.04,0.05
7668,Price,2.1600,2.1600,1.7200,2.5700,4.9600,3.8100,2.5400,2.3500,2.5000,2.2900,2.1700
7722,Year End,TTM,2020-03,2019-03,2018-03,2017-03,2016-03,2015-03,2014-03,2013-03,2011-06,2010-06
7722,Revenue,164,188,158,151,166,242,333,320,189,132,130
7722,NP,12,9,5,-19,-58,-45,2,31,17,13,12
7722,EPS,0.05,0.04,0.04,-0.18,-0.57,-0.44,0.02,0.31,0.26,0.25,0.23
7722,DPS,—,—,—,—,—,—,0.04,0.04,0.04,0.08,0.06
7722,Div Payout,—,—,—,—,—,—,25.6,10.3,—,—,—
7722,Shares,233,233,142,105,103,103,103,101,67,54,54
7722,BVPS,0.91,0.86,0.64,0.87,1.55,2.18,2.40,2.28,1.78,—,—
7722,OCF,23,22,-3,21,22,-1,18,5,13,-11,15
7722,FCF,30,17,-5,19,21,-3,6,-5,4,-14,12
7722,NP Margin,7.58,4.54,3.37,-12.75,-35.33,-18.70,0.49,9.61,9.11,10.16,9.59
7722,ROE,6.06,4.39,3.20,-13.68,-35.36,-20.80,0.67,14.19,11.33,14.21,14.62
7722,Revenue GR,-8.81,18.52,5.12,-9.04,-31.54,-27.33,3.83,69.67,—,—,—
7722,Revenue GR 3Y avg,—,4.26,-13.17,-23.22,-19.76,8.59,—,27.29,8.93,—,—
7722,Revenue GR 5Y avg,—,-10.83,-13.16,-4.43,—,11.45,16.67,15.24,6.37,—,—
7722,Revenue GR 10Y avg,—,2.96,1.04,1.20,1.85,—,—,—,—,—,—
7722,NP GR,—,—,—,—,—,—,—,27.37,17.62,—,—
7722,NP GR 3Y avg,—,39.44,-29.58,—,—,—,-26.31,26.82,26.13,—,—
7722,NP GR 5Y avg,—,-0.87,-3.53,—,—,—,—,—,—,—,—
7722,NP GR 10Y avg,0.0,0.0,0.0,0.0,0.0,0.0,0.0,0.0,0.0,0.0,0.0
7722,EPS GR,7.10,-2.40,—,—,—,—,-94.87,19.79,—,—,—
7722,EPS GR 3Y avg,—,—,—,—,—,—,—,8.02,11.04,—,—
7722,EPS GR 5Y avg,—,18.46,-34.27,—,—,—,-34.06,13.90,21.48,—,—
7722,EPS GR 10Y avg,—,-13.41,-11.79,—,—,—,—,—,—,—,—
7722,OCF GR,—,—,—,-5.72,—,—,232.35,-58.90,—,—,—
7722,FCF GR,—,—,—,-10.15,—,—,—,—,—,—,—
7722,D/E,0.18,0.18,—,—,—,—,0.42,0.40,0.82,—,—
7722,Price,0.7100,0.7100,0.4400,0.4800,0.8800,1.0200,1.1900,2.5900,4.0100,2.6300,1.6000
7757,Year End,TTM,2020-12,2019-12,2018-12,2017-12,2016-12,2015-12,2014-12,2013-12,2012-12,2011-12
7757,Revenue,130,124,155,160,152,138,170,149,134,123,127
7757,NP,7,7,11,9,38,32,19,14,12,13,9
7757,EPS,0.09,0.08,0.14,0.11,0.49,0.41,0.25,0.18,0.16,0.17,0.11
7757,DPS,0.08,0.08,0.08,0.08,0.08,0.09,0.08,0.08,0.08,0.08,0.10
7757,Div Payout,93.4,43.7,52.4,60.2,10.3,53.5,34.1,52.7,40.0,47.1,55.5
7757,Shares,77,77,77,77,77,77,77,77,78,78,78
7757,BVPS,3.45,3.42,3.39,3.31,3.26,2.67,2.58,2.43,2.35,2.29,2.09
7757,OCF,18,22,18,14,4,12,19,16,15,14,19
7757,FCF,9,13,16,8,—,5,16,10,3,6,11
7757,NP Margin,5.07,5.53,7.02,5.73,25.02,23.17,11.37,9.69,9.28,10.97,6.88
7757,ROE,2.47,2.58,4.14,3.56,15.57,14.54,9.64,7.62,6.84,7.77,5.23
7757,Revenue GR,22.45,-19.90,-3.45,5.28,10.27,-18.76,14.10,11.21,8.98,-3.64,-1.42
7757,Revenue GR 3Y avg,—,-6.62,3.88,-1.93,0.73,1.02,11.41,5.31,1.16,86.53,85.16
7757,Revenue GR 5Y avg,—,-6.11,0.77,3.66,4.38,1.60,5.61,51.06,46.14,42.24,41.20
7757,Revenue GR 10Y avg,—,-0.43,23.38,23.08,21.85,19.77,—,—,—,—,—
7757,NP GR,—,-43.55,-30.24,-21.95,38.18,37.06,12.77,18.03,-4.12,0.01,-15.35
7757,NP GR 3Y avg,—,-18.74,-5.53,-5.85,23.10,29.51,6.52,1.39,-3.01,-2.44,-11.55
7757,NP GR 5Y avg,—,-6.96,-2.13,-4.44,9.59,7.03,—,—,—,—,—
7757,NP GR 10Y avg,0.0,0.0,0.0,0.0,0.0,0.0,0.0,0.0,0.0,0.0,0.0
7757,EPS GR,-18.78,-36.88,18.49,-75.86,19.08,65.60,34.41,16.25,-5.88,51.19,-37.55
7757,EPS GR 3Y avg,—,-43.48,-30.17,-21.92,38.39,37.29,13.72,18.27,-3.86,-6.05,-19.91
7757,EPS GR 5Y avg,—,-18.66,-5.39,-5.75,23.73,29.78,6.79,-1.93,-6.07,-5.86,-14.78
7757,EPS GR 10Y avg,—,-6.80,-3.67,-5.91,7.92,5.17,—,—,—,—,—
7757,OCF GR,—,21.33,33.10,219.37,-63.40,-40.09,20.24,8.52,4.68,-24.71,-7.43
7757,FCF GR,—,-17.38,83.34,—,-96.11,-69.35,50.32,200.12,-45.17,-40.45,-18.84
7757,D/E,—,—,—,—,0.01,0.01,—,—,0.01,0.01,0.01
7757,Price,2.1800,2.1100,2.1700,2.2600,2.4600,2.0800,2.1600,1.5500,1.3500,1.2300,1.3900
7803,Year End,TTM,2020-12,2019-12,2018-12,2017-12,2016-12,2015-12,2014-12,2013-12,2012-12,2011-12
7803,Revenue,525,417,219,205,404,311,300,296,325,377,374
7803,NP,208,131,27,-52,13,21,15,10,—,22,9
7803,EPS,0.26,0.16,0.04,-0.07,0.02,0.03,0.02,0.01,—,0.03,0.01
7803,DPS,—,—,0.01,0.01,—,0.01,0.01,0.01,0.01,0.01,—
7803,Div Payout,—,3.5,45.3,13.8,17.6,40.5,74.3,38.6,120.1,24.1,85.3
7803,Shares,829,803,757,757,734,688,683,682,682,638,606
7803,BVPS,0.55,0.33,0.27,0.36,0.37,0.35,0.37,0.29,0.28,0.26,0.25
7803,OCF,56,141,39,44,44,25,25,49,45,32,21
7803,FCF,-6,80,8,23,27,1,-27,24,40,25,15
7803,NP Margin,39.68,31.48,12.08,-25.36,3.26,6.71,4.96,3.42,0.13,5.85,2.38
7803,ROE,62.20,45.02,12.64,-21.21,4.99,8.39,6.59,5.06,0.22,12.67,5.61
7803,Revenue GR,163.80,89.82,6.85,-49.10,29.72,3.64,1.29,-8.91,-13.60,0.76,8.87
7803,Revenue GR 3Y avg,—,1.07,-10.98,-11.88,10.84,-1.48,-7.28,-7.44,-1.77,5.84,10.83
7803,Revenue GR 5Y avg,—,6.78,-5.83,-8.79,1.40,-3.60,-2.65,-1.38,3.46,21.04,25.22
7803,Revenue GR 10Y avg,—,1.96,-3.63,-2.86,10.78,9.87,—,—,—,—,—
7803,NP GR,—,115.14,8.27,—,9.13,268.43,-12.23,4.40,-60.16,8.37,1.05
7803,NP GR 3Y avg,—,54.51,21.21,—,-9.78,18.59,17.67,-10.15,-45.43,—,5.30
7803,NP GR 5Y avg,—,34.84,4.36,—,—,11.75,—,—,—,—,—
7803,NP GR 10Y avg,0.0,0.0,0.0,0.0,0.0,0.0,0.0,0.0,0.0,0.0,0.0
7803,EPS GR,753.43,366.41,—,—,-40.83,39.30,46.64,—,-98.26,164.96,33.45
7803,EPS GR 3Y avg,—,108.73,4.88,—,6.52,269.90,-14.22,4.48,-60.54,9.11,-1.57
7803,EPS GR 5Y avg,—,49.61,18.70,—,-12.25,18.43,17.42,-10.97,-46.48,—,-1.79
7803,EPS GR 10Y avg,—,32.54,2.80,—,—,7.85,—,—,—,—,—
7803,OCF GR,—,260.41,-10.92,0.46,72.34,0.04,-48.22,9.86,38.78,49.94,-43.97
7803,FCF GR,—,893.16,-65.71,-12.88,—,—,—,-39.30,58.21,63.59,-34.34
7803,D/E,0.01,0.01,0.01,0.06,0.09,0.14,0.16,0.09,0.08,0.14,0.17
7803,Price,1.0100,1.4000,0.5400,0.4500,0.6750,0.7650,0.8850,0.5850,0.7700,0.7000,0.6900
7811,Year End,TTM,2021-01,2020-01,2019-01,2018-01,2017-01,2016-01,2015-01,2014-01,2013-01,2012-01
7811,Revenue,180,156,225,229,212,223,224,233,274,266,285
7811,NP,6,1,2,4,3,6,8,8,18,13,22
7811,EPS,0.08,0.01,0.03,0.06,0.04,0.08,0.11,0.11,0.25,0.19,0.30
7811,DPS,0.02,0.02,0.03,0.04,0.05,0.06,0.06,0.11,0.03,0.22,0.14
7811,Div Payout,25.4,—,83.3,42.9,304.5,56.8,105.0,59.3,—,45.6,45.6
7811,Shares,73,73,73,73,73,73,73,73,73,73,73
7811,BVPS,1.45,1.42,1.46,1.45,1.39,1.44,1.40,1.41,1.33,1.15,1.22
7811,OCF,4,24,30,19,6,22,29,21,27,18,29
7811,FCF,-5,16,22,11,-14,14,16,5,14,12,15
7811,NP Margin,3.18,0.47,1.02,1.85,1.45,2.75,3.44,3.54,6.65,5.08,7.73
7811,ROE,5.54,0.69,2.15,3.99,2.91,5.84,7.50,8.12,19.43,15.39,26.57
7811,Revenue GR,105.58,-30.72,-1.65,8.06,-5.13,-0.50,-3.63,-15.16,3.26,-6.74,0.10
7811,Revenue GR 3Y avg,—,-9.70,0.27,0.67,-3.10,-6.65,-5.49,-6.52,-1.21,4.53,5.81
7811,Revenue GR 5Y avg,—,-7.02,-0.67,-3.56,-4.44,-4.76,-4.65,0.01,2.67,12.82,11.33
7811,Revenue GR 10Y avg,—,-5.84,-0.33,-0.50,3.83,2.97,2.61,—,—,—,—
7811,NP GR,—,-38.08,-28.01,-18.14,-28.00,-30.42,-16.96,-27.94,-3.87,18.55,46.75
7811,NP GR 3Y avg,—,-37.61,-22.58,-25.32,-25.59,-22.53,-17.77,0.36,21.22,21.30,—
7811,NP GR 5Y avg,—,-28.37,-11.85,-4.86,-5.00,—,-2.09,—,—,—,—
7811,NP GR 10Y avg,0.0,0.0,0.0,0.0,0.0,0.0,0.0,0.0,0.0,0.0,0.0
7811,EPS GR,-100.88,-68.25,-45.88,37.59,-49.94,-20.43,-6.27,-54.81,35.22,-38.75,7.26
7811,EPS GR 3Y avg,—,-38.17,-28.03,-18.17,-27.99,-30.41,-16.95,-27.93,-3.87,18.54,46.74
7811,EPS GR 5Y avg,—,-37.66,-22.59,-25.33,-25.59,-22.52,-17.75,0.36,21.22,21.30,—
7811,EPS GR 10Y avg,—,-28.39,-11.86,-4.86,-4.99,—,-2.45,—,—,—,—
7811,OCF GR,—,-19.38,58.85,232.01,-74.51,-23.19,35.25,-20.73,50.86,-38.12,-34.37
7811,FCF GR,—,-29.62,94.49,—,—,-15.63,213.68,-62.41,20.65,-25.07,-50.91
7811,D/E,0.22,0.23,0.24,0.24,0.15,0.13,0.07,0.11,0.09,0.17,0.24
7811,Price,0.8600,0.7750,0.6900,0.7000,0.8900,0.9000,0.9350,1.3500,1.2700,1.4300,1.1000
8079,Year End,TTM,2020-12,2019-12,2018-12,2017-12,2016-12,2015-12,2014-12,2013-12,2012-12,2011-12
8079,Revenue,101,97,102,100,75,64,72,73,61,63,62
8079,NP,8,7,8,10,6,5,5,4,1,1,2
8079,EPS,0.05,0.04,0.05,0.06,0.04,0.03,0.03,0.02,0.01,0.01,0.01
8079,DPS,0.03,0.03,0.03,0.01,0.01,—,—,—,—,—,—
8079,Div Payout,48.2,50.0,47.5,24.6,32.6,—,—,—,—,—,—
8079,Shares,162,162,163,163,165,168,168,168,168,168,168
8079,BVPS,0.35,0.35,0.33,0.32,0.26,0.23,0.21,0.18,0.16,0.16,0.14
8079,OCF,16,16,11,15,13,9,7,7,7,7,10
8079,FCF,12,13,8,7,9,6,1,6,5,—,1
8079,NP Margin,8.29,6.81,7.94,10.24,8.05,8.15,6.93,5.61,2.24,1.84,3.35
8079,ROE,15.16,11.45,14.80,20.91,13.76,13.21,14.53,13.70,5.06,4.46,8.47
8079,Revenue GR,19.81,-4.96,1.62,33.50,16.71,-11.26,-1.10,19.42,-2.61,2.20,1.23
8079,Revenue GR 3Y avg,—,8.84,16.55,11.41,0.80,1.58,4.78,5.93,0.25,0.71,-7.74
8079,Revenue GR 5Y avg,—,5.95,6.80,10.31,3.56,0.85,3.54,3.51,-4.81,-2.92,-2.01
8079,Revenue GR 10Y avg,—,4.74,5.14,2.47,0.27,-0.59,—,—,—,—,—
8079,NP GR,—,2.91,15.54,26.92,13.73,56.15,63.05,25.81,-6.83,—,30.79
8079,NP GR 3Y avg,—,5.59,14.51,49.43,39.16,20.51,24.14,—,8.36,5.91,27.32
8079,NP GR 5Y avg,—,14.49,—,27.25,21.40,23.87,—,—,—,—,—
8079,NP GR 10Y avg,0.0,0.0,0.0,0.0,0.0,0.0,0.0,0.0,0.0,0.0,0.0
8079,EPS GR,143.59,-17.87,-21.18,71.12,17.63,4.35,22.54,197.56,18.84,-43.77,21.51
8079,EPS GR 3Y avg,—,3.47,16.63,28.06,14.58,56.12,63.03,25.75,-6.71,—,30.79
8079,EPS GR 5Y avg,—,6.34,15.20,50.26,39.69,20.52,24.24,—,8.37,5.95,27.32
8079,EPS GR 10Y avg,—,14.94,—,27.61,21.65,23.87,—,—,—,—,—
8079,OCF GR,—,44.60,-25.01,17.49,41.11,38.29,-7.72,-2.25,7.68,-30.21,-44.97
8079,FCF GR,—,57.44,21.54,-26.58,50.13,355.75,-78.33,23.85,—,-84.53,-93.92
8079,D/E,0.12,0.09,0.16,0.08,0.14,0.19,0.27,0.28,0.23,0.29,0.31
8079,Price,0.8800,0.8900,0.6100,0.8500,0.3500,0.2800,0.2800,0.1650,0.1400,0.1200,0.1000
8117,Year End,TTM,2020-02,2019-02,2018-02,2017-02,2016-02,2015-02,2014-02,2013-02,2012-02,2011-02
8117,Revenue,62,61,72,54,48,42,44,41,34,32,33
8117,NP,6,3,6,2,34,4,6,6,21,6,7
8117,EPS,0.04,0.02,0.04,0.01,0.21,0.03,0.03,0.03,0.13,0.04,0.04
8117,DPS,—,—,—,—,—,—,—,—,—,—,—
8117,Div Payout,—,—,—,—,—,—,—,—,—,—,—
8117,Shares,—,160,160,160,160,160,160,160,160,160,160
8117,BVPS,1.09,1.05,1.05,1.02,0.80,0.79,0.75,0.71,0.66,0.55,—
8117,OCF,20,10,18,6,—,13,10,10,16,4,6
8117,FCF,12,6,15,1,-8,-3,7,6,-4,-13,2
8117,NP Margin,9.92,5.41,8.64,3.35,71.76,10.43,12.54,14.57,63.20,20.38,20.04
8117,ROE,3.56,1.96,3.83,1.13,24.17,3.55,4.67,5.27,21.77,7.64,8.27
8117,Revenue GR,10.28,-16.23,33.67,13.00,14.55,-4.82,8.18,19.67,7.09,-3.21,—
8117,Revenue GR 3Y avg,—,8.16,20.05,7.20,5.66,7.21,11.51,7.45,-2.09,-5.60,—
8117,Revenue GR 5Y avg,—,6.65,12.24,9.79,8.62,5.02,3.97,1.52,-2.95,-1.36,—
8117,Revenue GR 10Y avg,—,5.30,6.74,3.22,3.51,2.92,—,—,—,—,—
8117,NP GR,—,-54.31,12.74,-30.96,79.78,-41.19,-5.16,-3.39,124.31,83.45,—
8117,NP GR 3Y avg,—,-9.86,1.11,-38.99,39.71,-7.83,23.72,41.42,31.14,5.95,—
8117,NP GR 5Y avg,—,5.60,19.58,-10.56,21.67,—,—,—,—,—,—
8117,NP GR 10Y avg,0.0,0.0,0.0,0.0,0.0,0.0,0.0,0.0,0.0,0.0,0.0
8117,EPS GR,13.75,-47.57,246.02,-94.74,686.81,-20.64,-7.03,-72.39,231.68,-1.46,—
8117,EPS GR 3Y avg,—,-54.30,12.72,-31.00,79.73,-41.16,-5.22,-3.36,124.14,83.86,—
8117,EPS GR 5Y avg,—,-9.83,1.11,-39.02,39.68,-7.81,23.65,41.60,31.10,5.99,—
8117,EPS GR 10Y avg,—,5.59,19.65,-10.59,21.68,—,—,—,—,—,—
8117,OCF GR,—,-43.71,199.69,—,—,29.57,2.77,-37.62,300.39,-35.36,—
8117,FCF GR,—,-60.16,—,—,—,—,12.13,—,—,—,—
8117,D/E,0.08,0.07,0.10,0.11,0.12,0.13,0.09,0.11,0.03,0.05,0.01
8117,Price,0.5950,0.5950,0.3100,0.4400,0.5350,0.3100,0.3750,0.3750,0.4300,0.3700,0.3500
8125,Year End,TTM,2020-07,2017-12,2016-12,2015-12,2014-12,2013-12,2012-12,2011-12,2010-12,2009-12
8125,Revenue,624,619,389,371,345,345,310,279,284,268,222
8125,NP,49,48,26,25,27,24,27,25,20,18,23
8125,EPS,0.15,0.15,0.08,0.07,0.08,0.07,0.08,0.08,0.06,0.06,0.07
8125,DPS,0.05,0.02,0.04,0.04,0.05,0.05,0.05,0.04,0.03,0.04,0.03
8125,Div Payout,33.2,57.0,—,—,—,—,—,—,—,—,—
8125,Shares,327,327,328,327,327,327,327,326,325,325,327
8125,BVPS,0.84,0.75,—,—,—,—,—,—,—,—,—
8125,OCF,90,121,—,—,—,—,—,—,—,—,—
8125,FCF,34,82,24,3,49,8,-6,20,10,3,—
8125,NP Margin,7.91,7.70,6.67,6.61,7.75,6.89,8.85,8.84,7.06,6.79,10.26
8125,ROE,18.89,20.77,13.30,13.23,15.28,14.37,17.58,16.96,14.78,14.28,19.22
8125,Revenue GR,-1.22,19.76,4.71,7.60,0.13,11.02,11.32,-1.93,6.16,—,—
8125,Revenue GR 3Y avg,—,13.61,4.10,6.15,7.36,6.62,5.04,7.92,9.39,—,—
8125,Revenue GR 5Y avg,—,11.06,6.87,5.48,5.20,9.21,7.40,6.61,6.24,—,—
8125,Revenue GR 10Y avg,—,9.46,6.74,5.86,—,—,—,—,—,—,—
8125,NP GR,—,13.45,2.99,-3.71,2.74,5.74,14.73,2.68,35.02,—,—
8125,NP GR 3Y avg,—,8.73,1.03,4.08,8.00,0.84,27.48,23.19,29.90,—,—
8125,NP GR 5Y avg,—,16.46,11.56,16.27,—,—,—,—,—,—,—
8125,NP GR 10Y avg,0.0,0.0,0.0,0.0,0.0,0.0,0.0,0.0,0.0,0.0,0.0
8125,EPS GR,-5.44,26.58,5.60,-8.16,12.59,-13.61,11.22,21.75,10.81,—,—
8125,EPS GR 3Y avg,—,13.44,2.97,-3.69,2.66,5.37,14.49,2.76,35.59,—,—
8125,EPS GR 5Y avg,—,8.72,0.97,3.88,7.86,0.84,27.55,23.30,30.23,—,—
8125,EPS GR 10Y avg,—,16.47,11.58,16.31,—,—,—,—,—,—,—
8125,OCF GR,—,75.00,26.46,-63.77,87.48,14.44,-26.67,29.63,130.23,—,—
8125,FCF GR,—,60.88,723.45,-94.07,485.38,—,—,95.19,240.96,—,—
8125,D/E,0.01,0.02,0.10,0.07,0.07,0.08,0.07,0.05,0.06,0.03,0.03
8125,Price,2.5000,2.7800,1.8000,1.6200,2.0400,2.2900,2.2300,5.4900,4.2600,4.1500,2.5500
8176,Year End,TTM,2020-03,2019-03,2018-03,2017-03,2016-03,2015-03,2014-03,2013-03,2012-03,2011-03
8176,Revenue,"3,973","3,352","2,909","2,308",102,93,80,74,93,78,114
8176,NP,124,76,113,93,-11,3,3,-3,4,-9,—
8176,EPS,0.10,0.06,0.10,0.09,0.08,0.03,0.03,-0.03,0.04,-0.08,—
8176,DPS,0.02,0.03,—,—,—,—,—,—,—,—,—
8176,Div Payout,19.4,40.5,—,—,—,—,—,—,—,—,—
8176,Shares,"1,203","1,204","1,149","1,049","1,032",104,104,104,104,104,104
8176,BVPS,0.64,0.55,0.43,0.05,0.54,0.53,0.35,0.35,0.38,0.35,—
8176,OCF,26,107,-46,74,-6,8,—,3,2,2,8
8176,FCF,-21,70,-108,42,-9,6,-3,3,2,2,8
8176,NP Margin,3.12,2.28,3.88,4.01,-11.11,3.22,3.55,-4.17,4.69,-11.74,0.42
8176,ROE,17.33,11.76,21.54,39.87,-22.17,5.45,6.35,-8.20,11.77,-23.23,1.15
8176,Revenue GR,35.49,15.25,26.00,2172.05,9.54,15.83,7.56,-20.11,19.02,-31.03,—
8176,Revenue GR 3Y avg,—,220.73,215.34,206.62,10.92,-0.15,0.75,-13.12,-7.34,-19.36,—
8176,Revenue GR 5Y avg,—,111.04,108.15,90.02,5.35,-3.96,-7.32,-12.99,-8.23,-6.86,—
8176,Revenue GR 10Y avg,—,39.85,34.57,32.05,-0.94,-2.29,—,—,—,—,—
8176,NP GR,—,—,235.68,219.20,—,-11.95,—,—,—,—,—
8176,NP GR 3Y avg,—,93.04,—,84.11,—,44.02,—,—,-14.61,—,—
8176,NP GR 5Y avg,—,—,—,25.38,—,9.65,—,—,—,—,—
8176,NP GR 10Y avg,0.0,0.0,0.0,0.0,0.0,0.0,0.0,0.0,0.0,0.0,0.0
8176,EPS GR,165.27,-35.61,11.45,—,—,5.15,—,—,—,—,—
8176,EPS GR 3Y avg,—,—,50.91,48.01,—,-12.02,—,—,—,—,—
8176,EPS GR 5Y avg,—,18.40,—,16.00,—,44.12,—,—,-14.64,—,—
8176,EPS GR 10Y avg,—,—,—,-0.50,—,6.25,—,—,—,—,—
8176,OCF GR,—,—,—,—,—,—,—,65.61,-13.75,-71.92,—
8176,FCF GR,—,—,—,—,—,—,—,27.89,-12.11,-72.32,—
8176,D/E,0.15,0.17,0.16,0.08,0.23,0.10,0.06,0.10,0.12,0.18,0.34
8176,Price,2.9200,2.9200,0.8200,1.7100,1.6000,0.9450,0.3700,0.2650,0.2800,0.2650,0.2800
8206,Year End,TTM,2020-10,2019-10,2018-10,2017-10,2016-10,2015-10,2013-09,2012-09,2011-09,2010-09
8206,Revenue,"2,041","1,997","2,462","2,172","2,925","2,546","1,712",156,—,56,64
8206,NP,188,135,203,166,210,129,44,24,7,-2,-4
8206,EPS,0.06,0.05,0.07,0.03,0.07,0.05,0.03,0.04,0.01,—,-0.01
8206,DPS,0.02,—,—,—,—,—,—,—,—,—,—
8206,Div Payout,31.4,—,—,—,—,—,50.0,—,—,—,—
8206,Shares,"2,944","2,944","2,944","2,944","2,892","2,379","1,665",614,614,614,614
8206,BVPS,1.61,1.57,1.50,1.47,1.44,1.18,1.33,—,—,—,—
8206,OCF,708,519,543,223,310,240,197,30,4,17,—
8206,FCF,694,495,523,172,257,194,"-1,687",30,4,17,—
8206,NP Margin,9.20,6.77,8.26,7.62,7.17,5.08,2.57,15.52,—,-3.65,-6.19
8206,ROE,4.02,2.94,4.55,3.82,5.21,3.72,2.52,13.42,4.26,-0.69,-1.33
8206,Revenue GR,21.73,-18.91,13.38,-25.74,14.85,48.74,215.19,—,—,-12.84,—
8206,Revenue GR 3Y avg,—,-11.95,-1.11,8.25,104.73,—,131.16,34.73,—,-11.88,—
8206,Revenue GR 5Y avg,—,3.12,57.28,—,91.62,83.13,93.32,13.94,—,3.52,—
8206,Revenue GR 10Y avg,—,45.59,35.99,39.76,45.16,—,—,—,—,—,—
8206,NP GR,—,-13.61,16.31,55.60,69.47,102.68,—,—,—,—,—
8206,NP GR 3Y avg,—,25.19,41.80,67.37,—,—,—,135.74,-6.86,—,—
8206,NP GR 5Y avg,—,—,78.31,28.48,70.46,—,—,—,—,—,—
8206,NP GR 10Y avg,0.0,0.0,0.0,0.0,0.0,0.0,0.0,0.0,0.0,0.0,0.0
8206,EPS GR,97.26,-33.57,22.95,-22.48,33.52,105.68,-17.58,39.11,—,—,—
8206,EPS GR 3Y avg,—,-14.13,8.37,28.64,16.01,17.18,—,—,—,—,—
8206,EPS GR 5Y avg,—,11.70,9.62,11.86,—,—,—,135.73,11.17,—,—
8206,EPS GR 10Y avg,—,—,54.81,11.55,48.24,—,—,—,—,—,—
8206,OCF GR,—,-4.42,143.72,-28.11,28.84,21.99,145.43,703.04,-78.36,57.70,—
8206,FCF GR,—,-5.49,204.09,-33.16,32.82,—,—,717.74,-78.37,59.37,—
8206,D/E,0.32,0.27,0.40,0.43,0.52,0.54,0.40,0.01,0.79,0.13,—
8206,Price,0.6200,0.3800,0.6500,1.0000,1.5500,1.3600,1.3700,4.5000,2.1400,0.2700,0.2400
8273,Year End,TTM,2020-12,2019-12,2018-12,2017-12,2016-12,2015-12,2014-12,2013-12,2012-12,2011-12
8273,Revenue,192,190,204,198,178,166,161,154,145,140,151
8273,NP,29,27,24,19,16,17,14,12,10,14,8
8273,EPS,0.15,0.14,0.13,0.10,0.08,0.08,0.08,0.07,0.05,0.08,0.04
8273,DPS,—,—,—,—,—,—,—,—,—,—,0.01
8273,Div Payout,1.7,2.4,—,—,—,—,—,—,—,—,29.1
8273,Shares,189,189,189,189,189,188,188,188,188,188,188
8273,BVPS,1.47,1.39,1.29,1.16,1.06,0.97,0.88,0.81,0.76,0.71,0.63
8273,OCF,43,41,31,25,22,21,24,17,11,19,12
8273,FCF,40,38,13,-8,5,9,18,12,8,16,6
8273,NP Margin,14.87,14.25,11.59,9.59,8.74,9.92,8.82,8.06,7.05,10.19,5.24
8273,ROE,10.85,10.43,10.07,8.91,7.91,9.17,8.65,8.23,7.37,11.24,6.80
8273,Revenue GR,3.32,-6.67,2.83,11.57,6.78,3.24,5.01,5.78,3.98,-7.76,3.67
8273,Revenue GR 3Y avg,—,2.31,7.00,7.14,5.00,4.67,4.92,0.48,-0.19,1.96,-2.56
8273,Revenue GR 5Y avg,—,3.37,5.84,6.44,4.95,1.92,2.01,3.12,-2.36,-1.07,1.12
8273,Revenue GR 10Y avg,—,2.69,4.47,1.94,1.90,1.52,—,—,—,—,—
8273,NP GR,—,20.44,12.70,10.18,7.86,17.31,-0.02,15.98,7.17,16.46,36.26
8273,NP GR 3Y avg,—,13.80,13.82,13.20,1.77,15.80,11.34,6.56,26.68,27.79,26.59
8273,NP GR 5Y avg,—,12.56,10.13,19.75,14.04,21.07,—,—,—,—,—
8273,NP GR 10Y avg,0.0,0.0,0.0,0.0,0.0,0.0,0.0,0.0,0.0,0.0,0.0
8273,EPS GR,53.40,14.76,24.31,22.93,-6.29,16.28,14.16,21.51,-27.91,79.17,-5.26
8273,EPS GR 3Y avg,—,20.59,12.71,10.23,7.55,17.27,—,16.21,6.96,17.26,33.89
8273,EPS GR 5Y avg,—,13.83,13.71,13.19,1.73,15.81,11.16,7.15,25.39,27.76,26.76
8273,EPS GR 10Y avg,—,12.49,10.38,19.14,14.01,21.16,—,—,—,—,—
8273,OCF GR,—,35.22,21.71,15.17,3.37,-10.72,36.05,55.77,-42.83,58.03,198.91
8273,FCF GR,—,186.33,—,—,-47.06,-50.12,42.81,50.65,-48.62,149.08,—
8273,D/E,0.03,0.03,0.07,0.07,0.07,0.04,0.07,0.09,0.08,0.06,0.09
8273,Price,0.8850,1.0900,1.0800,0.5000,0.6700,0.9300,0.9550,0.6100,0.6600,0.3800,0.3800
8303,Year End,TTM,2020-09,2019-09,2018-09,2017-09,2016-09,2014-03,2013-03,2012-03,2011-03,2010-03
8303,Revenue,52,55,58,39,8,4,42,49,54,63,86
8303,NP,5,10,-4,-3,-12,-12,-2,-5,-8,-1,-4
8303,EPS,—,0.01,-0.04,-0.03,-0.12,-0.12,-0.02,-0.05,-0.10,-0.02,-0.06
8303,DPS,—,—,—,—,—,—,—,—,—,—,—
8303,Div Payout,—,—,—,—,—,—,—,—,—,—,—
8303,Shares,"1,202",968,102,102,102,102,97,97,82,67,67
8303,BVPS,0.07,0.06,-0.27,-0.25,-0.15,-0.06,—,—,—,—,—
8303,OCF,-9,-19,13,1,—,-3,—,—,-6,6,—
8303,FCF,-9,-20,2,1,—,-3,—,—,-6,6,—
8303,NP Margin,10.52,18.02,-6.84,-7.44,-163.00,-308.15,-5.26,-10.66,-14.64,-1.86,-4.40
8303,ROE,10.43,183.25,—,—,—,—,-12.42,-24.38,-34.44,-5.25,-15.23
8303,Revenue GR,-8.93,-4.83,48.42,418.64,91.66,-61.07,-14.66,-9.27,-14.82,—,—
8303,Revenue GR 3Y avg,—,94.22,145.26,-1.45,-33.98,-44.08,-12.95,-17.30,-22.75,—,—
8303,Revenue GR 5Y avg,—,4.39,2.66,-4.82,-27.89,-37.81,-18.62,-12.60,-9.69,—,—
8303,Revenue GR 10Y avg,—,-6.31,-4.27,-6.97,-18.19,—,—,—,—,—,—
8303,NP GR,—,—,—,—,—,—,—,—,—,—,—
8303,NP GR 3Y avg,—,—,—,—,—,—,—,—,—,—,—
8303,NP GR 5Y avg,—,—,—,—,—,—,—,—,—,—,—
8303,NP GR 10Y avg,0.0,0.0,0.0,0.0,0.0,0.0,0.0,0.0,0.0,0.0,0.0
8303,EPS GR,-27.27,—,—,—,—,—,—,—,—,—,—
8303,EPS GR 3Y avg,—,—,—,—,—,—,—,—,—,—,—
8303,EPS GR 5Y avg,—,—,—,—,—,—,—,—,—,—,—
8303,EPS GR 10Y avg,—,—,—,—,—,—,—,—,—,—,—
8303,OCF GR,—,—,—,—,—,—,—,—,—,—,—
8303,FCF GR,—,—,101.68,—,—,—,—,—,—,—,—
8303,D/E,0.12,0.21,—,—,—,—,0.05,0.05,0.04,0.07,0.18
8303,Price,0.2600,0.2700,0.1500,0.1100,0.1950,0.0500,0.1400,0.5350,0.3200,0.4100,0.5000
8311,Year End,TTM,2020-12,2019-12,2018-12,2017-12,2016-12,2015-12,2014-12,2013-12,2012-12,2011-06
8311,Revenue,669,656,607,562,541,393,259,267,297,221,16
8311,NP,-14,-17,11,8,19,20,12,8,12,12,-23
8311,EPS,-0.02,-0.02,0.01,0.01,0.02,0.03,0.02,0.02,0.03,0.03,-0.12
8311,DPS,0.01,0.01,0.01,0.01,0.01,0.02,0.01,0.01,0.01,—,—
8311,Div Payout,—,—,66.7,61.4,35.7,84.0,54.6,39.6,—,—,—
8311,Shares,695,695,793,793,793,765,765,510,465,405,199
8311,BVPS,0.24,0.22,0.27,0.26,0.23,0.21,0.20,0.16,0.12,0.32,—
8311,OCF,15,30,-7,4,-5,29,-45,-16,29,22,—
8311,FCF,14,23,-23,-1,-27,4,-58,-29,21,19,—
8311,NP Margin,-2.15,-2.60,1.82,1.47,3.54,5.10,4.52,3.07,3.95,5.33,-142.09
8311,ROE,-8.25,-9.94,6.10,4.63,11.94,14.31,10.38,9.41,15.71,36.35,—
8311,Revenue GR,7.69,7.95,7.99,3.92,37.70,51.88,-3.23,-9.93,34.47,467.38,—
8311,Revenue GR 3Y avg,—,6.60,15.61,29.53,26.49,9.80,5.44,122.67,132.12,86.35,—
8311,Revenue GR 5Y avg,—,20.43,17.83,13.63,19.64,78.50,66.75,53.91,45.41,32.10,—
8311,Revenue GR 10Y avg,—,42.80,35.52,29.30,26.01,18.76,—,—,—,—,—
8311,NP GR,—,—,-17.98,-10.96,32.64,19.56,-0.22,—,—,—,—
8311,NP GR 3Y avg,—,—,6.11,-6.78,10.25,—,—,—,—,—,—
8311,NP GR 5Y avg,—,—,—,—,—,—,—,—,—,—,—
8311,NP GR 10Y avg,0.0,0.0,0.0,0.0,0.0,0.0,0.0,0.0,0.0,0.0,0.0
8311,EPS GR,111.76,—,33.65,-57.02,-7.63,71.24,-4.97,-36.11,-13.39,—,—
8311,EPS GR 3Y avg,—,—,-19.05,-12.07,14.55,1.31,-19.28,—,—,—,—
8311,EPS GR 5Y avg,—,—,-2.90,-16.22,-3.62,—,—,—,—,—,—
8311,EPS GR 10Y avg,—,—,—,—,—,—,—,—,—,—,—
8311,OCF GR,—,—,—,—,—,—,—,—,32.07,—,—
8311,FCF GR,—,—,—,—,—,—,—,—,12.19,—,—
8311,D/E,0.88,0.10,0.10,0.47,0.51,0.08,0.05,0.08,—,—,—
8311,Price,0.2650,0.2450,0.2200,0.1900,0.4500,0.6050,0.4000,0.8800,0.4750,0.2500,0.0600
8419,Year End,TTM,2020-03,2019-03,2018-03,2017-03,2016-03,2015-03,2014-03,2013-03,2012-03,2011-03
8419,Revenue,305,339,368,387,359,360,450,426,430,399,355
8419,NP,6,7,8,9,5,8,15,14,17,16,19
8419,EPS,0.01,0.02,0.02,0.02,0.01,0.02,0.04,0.03,0.04,0.04,0.06
8419,DPS,0.01,0.01,0.01,0.01,0.01,0.01,0.01,0.01,0.01,0.01,—
8419,Div Payout,106.4,40.5,72.1,38.3,70.4,72.5,52.1,35.5,35.4,—,—
8419,Shares,459,458,460,426,420,420,420,420,420,420,342
8419,BVPS,0.39,0.39,0.39,0.37,0.39,0.39,0.37,0.36,0.33,0.31,—
8419,OCF,25,30,12,-12,6,45,2,9,12,31,14
8419,FCF,23,29,9,-13,6,43,-2,8,10,30,13
8419,NP Margin,2.12,2.17,2.15,2.26,1.36,2.19,3.31,3.33,4.06,3.96,5.38
8419,ROE,3.63,4.17,4.44,5.03,2.95,4.82,9.46,9.57,12.72,12.64,19.11
8419,Revenue GR,12.79,-7.96,-4.80,7.70,-0.42,-19.87,5.63,-0.96,7.73,12.43,—
8419,Revenue GR 3Y avg,—,-1.91,0.70,-4.93,-5.54,-5.71,4.06,6.25,16.03,—,—
8419,Revenue GR 5Y avg,—,-5.52,-2.88,-2.11,-2.10,0.30,10.32,—,—,—,—
8419,Revenue GR 10Y avg,—,2.10,—,—,—,—,—,—,—,—,—
8419,NP GR,—,14.63,0.21,-16.25,-29.95,-23.29,-1.98,-9.40,33.55,—,—
8419,NP GR 3Y avg,—,-13.17,-10.99,-12.91,-20.95,-16.22,15.22,—,—,—,—
8419,NP GR 5Y avg,—,0.03,—,—,—,—,—,—,—,—,—
8419,NP GR 10Y avg,0.0,0.0,0.0,0.0,0.0,0.0,0.0,0.0,0.0,0.0,0.0
8419,EPS GR,151.61,-7.34,-15.91,77.01,-38.08,-47.18,4.93,-18.75,10.64,-32.62,—
8419,EPS GR 3Y avg,—,11.32,-2.68,-16.66,-29.99,-23.35,-1.93,-15.39,16.76,—,—
8419,EPS GR 5Y avg,—,-14.72,-12.57,-13.17,-20.96,-19.61,6.30,—,—,—,—
8419,EPS GR 10Y avg,—,-4.79,—,—,—,—,—,—,—,—,—
8419,OCF GR,—,146.85,—,—,-86.15,—,-75.39,-25.07,-61.98,113.94,—
8419,FCF GR,—,221.55,—,—,-86.58,—,—,-24.45,-66.47,122.54,—
8419,D/E,0.04,0.05,—,—,—,—,—,—,—,—,—
8419,Price,0.7400,0.7400,0.6300,0.8000,1.1700,0.4150,0.4300,0.4350,0.4950,0.3550,0.4700
8443,Year End,TTM,2020-12,2019-12,2018-12,2017-12,2016-12,2015-12,2014-12,2013-12,2012-12,2011-12
8443,Revenue,166,163,155,107,102,97,120,136,82,80,106
8443,NP,27,25,21,17,13,16,17,20,3,-3,—
8443,EPS,0.08,0.07,0.06,0.05,0.04,0.05,0.05,0.06,0.01,-0.01,—
8443,DPS,0.01,0.01,0.02,0.02,0.01,0.01,0.01,0.01,—,—,0.02
8443,Div Payout,14.9,16.8,26.8,42.1,24.9,33.0,18.8,29.4,—,—,42.8
8443,Shares,332,332,332,332,332,332,332,332,332,332,333
8443,BVPS,1.12,1.09,1.03,1.00,0.98,0.94,0.92,0.84,0.82,0.81,0.82
8443,OCF,25,21,-8,-5,16,26,24,20,9,7,23
8443,FCF,20,17,-9,-7,12,25,22,17,8,4,17
8443,NP Margin,16.08,15.08,13.87,16.04,13.20,16.83,14.32,14.46,3.41,-3.91,0.45
8443,ROE,7.34,6.83,6.29,5.15,4.15,5.20,5.73,6.96,1.02,-1.15,0.18
8443,Revenue GR,8.44,5.27,45.37,4.23,4.98,-18.96,-11.94,67.05,2.41,-25.10,-30.28
8443,Revenue GR 3Y avg,—,16.84,16.73,-3.93,-9.18,6.04,14.64,8.61,-18.83,-21.02,-8.82
8443,Revenue GR 5Y avg,—,6.30,2.57,5.46,5.09,-1.77,-4.68,-3.36,-10.28,-4.05,5.53
8443,Revenue GR 10Y avg,—,0.66,-0.44,-2.73,0.41,1.81,—,—,—,—,—
8443,NP GR,—,22.14,9.43,-0.23,-11.89,80.48,—,244.32,-49.12,—,-74.08
8443,NP GR 3Y avg,—,7.40,1.72,43.71,—,102.34,-4.06,-11.29,-36.84,—,-44.41
8443,NP GR 5Y avg,—,1.51,-5.01,-4.73,5.69,6.06,—,—,—,—,—
8443,NP GR 10Y avg,0.0,0.0,0.0,0.0,0.0,0.0,0.0,0.0,0.0,0.0,0.0
8443,EPS GR,50.81,14.37,25.63,26.85,-17.70,-4.82,-12.76,605.94,—,—,-97.76
8443,EPS GR 3Y avg,—,22.15,9.46,-0.21,-11.92,80.30,—,247.44,-48.95,—,-74.24
8443,EPS GR 5Y avg,—,7.38,1.72,43.66,—,103.41,-3.90,-11.15,-36.72,—,-45.33
8443,EPS GR 10Y avg,—,1.58,-4.94,-4.65,5.58,5.46,—,—,—,—,—
8443,OCF GR,—,—,—,—,-36.60,8.97,18.72,120.64,33.72,-70.52,-51.25
8443,FCF GR,—,—,—,—,-51.19,12.73,33.68,95.44,109.03,-76.04,-50.30
8443,D/E,—,—,—,—,—,—,—,—,—,—,—
8443,Price,0.9500,1.0500,0.5650,0.5400,0.7900,0.9700,0.8400,0.6650,0.4200,0.3300,0.5400
8494,Year End,TTM,2020-12,2019-12,2018-12,2017-12,2016-12,2015-12,2014-12,2013-12,2012-12,2011-12
8494,Revenue,5,5,37,14,15,27,84,60,45,47,40
8494,NP,3,1,6,3,5,22,16,10,10,7,5
8494,EPS,0.03,0.01,0.06,0.04,0.05,0.23,0.16,0.11,0.11,0.09,0.06
8494,DPS,0.03,0.03,0.05,0.03,0.06,0.06,0.04,0.04,0.04,0.04,0.02
8494,Div Payout,107.5,—,54.7,31.4,—,50.0,20.2,—,30.3,45.9,—
8494,Shares,103,99,100,77,96,94,98,96,87,77,78
8494,BVPS,1.35,1.41,1.46,1.45,1.41,1.48,1.36,1.19,1.11,1.05,0.95
8494,OCF,-2,7,8,-1,-6,15,25,-31,2,11,-29
8494,FCF,-3,6,7,-1,-6,15,24,-31,1,9,-29
8494,NP Margin,53.48,17.95,17.21,24.22,31.10,79.10,18.52,16.93,21.21,14.48,11.78
8494,ROE,1.94,0.67,4.51,2.54,3.44,17.19,13.85,10.21,11.05,8.49,6.28
8494,Revenue GR,-3.45,-85.61,155.15,-3.55,-45.51,-67.65,40.51,33.18,-3.45,15.54,16.69
8494,Revenue GR 3Y avg,—,-29.26,10.27,-44.60,-37.20,-15.40,21.80,14.11,9.19,-7.44,-19.97
8494,Revenue GR 5Y avg,—,-42.58,-9.43,-20.47,-20.45,-7.55,19.49,0.39,-10.57,-3.44,-17.29
8494,Revenue GR 10Y avg,—,-17.17,-4.65,-15.67,-12.36,-12.56,—,—,—,—,—
8494,NP GR,—,-41.10,-33.67,-39.42,-23.08,31.19,32.20,28.79,-5.35,16.59,-10.04
8494,NP GR 3Y avg,—,-42.93,-9.13,-18.33,-7.31,35.31,6.73,18.96,7.90,5.06,-9.96
8494,NP GR 5Y avg,—,-21.96,3.97,-6.13,-1.32,10.38,—,—,—,—,—
8494,NP GR 10Y avg,0.0,0.0,0.0,0.0,0.0,0.0,0.0,0.0,0.0,0.0,0.0
8494,EPS GR,-99.46,-84.90,67.73,-21.87,-79.03,44.15,50.72,26.93,-4.87,41.98,-57.48
8494,EPS GR 3Y avg,—,-41.72,-34.99,-38.19,-23.06,40.23,22.09,19.69,-16.88,17.94,-8.72
8494,EPS GR 5Y avg,—,-43.07,-9.80,-14.69,-11.27,30.08,1.90,14.65,0.54,6.21,-8.96
8494,EPS GR 10Y avg,—,-23.83,1.69,-7.39,-2.92,8.82,—,—,—,—,—
8494,OCF GR,—,-17.50,—,—,—,-37.12,—,—,-77.38,—,—
8494,FCF GR,—,-21.72,—,—,—,-37.78,—,—,-91.06,—,—
8494,D/E,—,—,0.02,0.03,0.05,0.06,0.14,0.19,0.13,0.22,0.12
8494,Price,0.6700,0.6550,0.5850,0.7200,1.0100,1.1800,1.3900,1.2100,1.3600,1.1500,0.6600
8524,Year End,TTM,2020-12,2019-12,2018-12,2017-12,2016-12,2015-12,2014-12,2013-12,2012-12,2011-12
8524,Revenue,283,302,360,358,352,278,400,349,282,253,168
8524,NP,56,59,76,100,29,127,87,301,28,43,33
8524,EPS,0.03,0.03,0.04,0.05,0.03,0.06,0.05,0.17,0.02,0.02,0.02
8524,DPS,0.07,0.07,0.03,0.05,0.05,0.05,0.03,0.01,—,—,—
8524,Div Payout,238.3,592.7,48.3,190.5,168.7,100.8,165.7,1.4,21.2,5.1,56.3
8524,Shares,"2,016","2,016","2,016","2,016","2,016","2,016","1,862","1,819","1,819","1,819","1,819"
8524,BVPS,0.47,0.48,0.53,0.51,0.53,0.55,0.49,0.46,0.33,0.31,0.26
8524,OCF,76,39,643,61,29,35,169,168,58,23,-9
8524,FCF,76,39,639,60,27,31,131,127,48,-108,-436
8524,NP Margin,19.76,19.70,21.18,27.95,8.26,45.83,21.65,86.22,9.94,16.97,19.37
8524,ROE,5.73,5.97,7.29,9.48,2.67,11.24,8.66,41.34,4.78,8.02,6.65
8524,Revenue GR,-26.81,-16.08,0.48,1.74,26.59,-30.46,14.44,23.98,11.24,50.72,-2.18
8524,Revenue GR 3Y avg,—,-4.98,8.97,-3.61,0.24,-0.45,16.43,27.62,17.93,16.82,-9.45
8524,Revenue GR 5Y avg,—,-5.46,0.59,4.91,6.80,10.59,18.40,17.07,4.48,5.82,3.30
8524,Revenue GR 10Y avg,—,5.80,8.51,4.69,6.30,6.88,—,—,—,—,—
8524,NP GR,—,26.94,-15.76,4.96,-54.13,65.70,26.26,109.93,-1.37,3.70,-10.72
8524,NP GR 3Y avg,—,-7.22,-24.04,29.01,-7.52,31.38,24.28,50.85,-9.35,4.97,-1.80
8524,NP GR 5Y avg,—,7.38,7.05,8.14,-1.47,13.58,—,—,—,—,—
8524,NP GR 10Y avg,0.0,0.0,0.0,0.0,0.0,0.0,0.0,0.0,0.0,0.0,0.0
8524,EPS GR,-22.78,-21.96,-23.79,244.44,-77.23,36.00,-71.92,978.13,-35.35,32.00,5.63
8524,EPS GR 3Y avg,—,27.00,-15.76,2.17,-55.70,60.28,25.08,109.54,-3.40,-0.99,-14.97
8524,EPS GR 5Y avg,—,-8.70,-25.58,26.42,-9.53,28.57,22.24,46.57,-12.11,1.92,-5.21
8524,EPS GR 10Y avg,—,5.64,4.44,5.41,-3.97,10.40,—,—,—,—,—
8524,OCF GR,—,-93.91,946.05,113.76,-18.83,-79.05,0.89,187.84,154.06,—,—
8524,FCF GR,—,-93.95,960.33,124.46,-14.56,-75.93,2.50,167.49,—,—,—
8524,D/E,0.36,0.39,0.43,0.41,0.40,0.37,0.70,0.84,0.50,0.38,0.11
8524,Price,0.8300,0.8350,0.8900,0.7900,1.1000,1.4400,1.4800,1.9500,1.1800,0.8100,1.0000
8583,Year End,TTM,2020-12,2019-12,2018-12,2017-12,2016-12,2015-12,2014-12,2013-12,2012-12,2011-12
8583,Revenue,"1,573","1,531","1,790","2,193","2,916","2,958","3,109","2,905","2,006","1,775","1,571"
8583,NP,112,100,200,272,362,361,387,339,281,231,169
8583,EPS,0.02,0.01,0.04,0.08,0.13,0.13,0.15,0.17,0.15,0.15,0.11
8583,DPS,0.03,0.03,0.04,0.07,0.07,0.07,0.07,0.06,—,0.06,0.04
8583,Div Payout,142.6,183.1,81.0,74.1,48.7,44.4,47.3,37.2,2.0,40.5,45.8
8583,Shares,"2,430","2,428","2,428","2,428","2,423","2,412","2,399","2,026","1,931","1,533","1,549"
8583,BVPS,1.74,1.74,1.98,1.91,1.88,1.55,1.48,1.08,0.95,0.81,0.61
8583,OCF,174,303,416,637,366,453,-198,316,39,216,-37
8583,FCF,64,250,381,562,322,418,-208,300,15,181,-75
8583,NP Margin,3.64,1.78,6.09,8.67,10.38,10.97,12.44,11.68,13.99,12.99,10.73
8583,ROE,1.34,0.60,2.26,4.02,7.15,8.65,13.01,16.07,17.55,19.90,16.92
8583,Revenue GR,11.37,-14.47,-18.39,-24.79,-1.41,-4.85,7.02,44.83,12.97,13.02,41.49
8583,Revenue GR 3Y avg,—,-19.33,-15.42,-10.98,0.13,13.82,20.53,22.75,21.79,36.27,34.08
8583,Revenue GR 5Y avg,—,-13.21,-9.23,1.80,10.43,13.49,22.87,32.86,25.21,25.36,25.95
8583,Revenue GR 10Y avg,—,3.27,9.82,12.90,17.66,19.56,—,—,—,—,—
8583,NP GR,—,-34.78,-17.85,-11.11,2.18,8.79,18.80,26.26,33.45,34.74,21.85
8583,NP GR 3Y avg,—,-23.64,-10.00,-0.65,9.43,16.48,26.78,29.19,24.67,23.24,20.86
8583,NP GR 5Y avg,—,-1.61,7.83,11.29,16.13,18.65,—,—,—,—,—
8583,NP GR 10Y avg,0.0,0.0,0.0,0.0,0.0,0.0,0.0,0.0,0.0,0.0,0.0
8583,EPS GR,243.75,-75.06,-42.66,-37.36,-7.13,-12.31,-5.40,11.69,-2.88,37.49,39.11
8583,EPS GR 3Y avg,—,-55.25,-30.65,-20.10,-8.33,-2.51,0.86,14.25,22.93,22.21,10.00
8583,EPS GR 5Y avg,—,-40.76,-22.66,-11.63,-3.53,4.35,14.44,14.64,12.19,14.01,22.32
8583,EPS GR 10Y avg,—,-17.66,-5.84,-0.43,4.87,12.98,—,—,—,—,—
8583,OCF GR,—,-27.19,-34.76,74.19,-19.31,—,—,718.29,-82.14,—,—
8583,FCF GR,—,-34.34,-32.13,74.55,-23.08,—,—,—,-91.80,—,—
8583,D/E,0.28,0.30,0.10,0.09,0.14,0.22,0.38,0.61,0.53,0.70,0.87
8583,Price,0.8450,0.8700,0.7050,0.9150,1.4500,1.4300,1.4500,2.2600,2.2600,2.0700,2.1000
8591,Year End,TTM,2020-12,2019-12,2018-12,2017-12,2016-12,2015-12,2014-12,2013-12,2012-12,2011-12
8591,Revenue,311,290,466,595,498,282,280,207,223,566,500
8591,NP,-81,-77,19,70,28,13,10,21,49,40,30
8591,EPS,-0.50,-0.48,0.12,0.41,0.16,0.08,0.06,0.12,0.31,0.17,0.25
8591,DPS,0.04,0.04,0.04,0.04,0.04,0.04,0.04,0.04,0.05,0.05,0.04
8591,Div Payout,—,—,22.2,11.1,28.9,—,19.4,36.4,12.0,16.3,35.6
8591,Shares,162,162,166,171,171,171,169,176,157,130,124
8591,BVPS,2.49,2.94,3.03,2.77,2.44,2.33,2.35,2.26,2.28,1.77,1.94
8591,OCF,5,-44,114,164,66,11,38,15,-129,-74,-59
8591,FCF,3,-45,112,163,65,10,35,14,-130,-75,-59
8591,NP Margin,-26.14,-26.60,4.13,11.82,5.63,4.68,3.46,10.01,21.83,7.06,6.09
8591,ROE,-18.14,-17.11,3.92,15.43,6.78,3.29,2.47,5.53,14.31,13.69,11.97
8591,Revenue GR,33.88,-37.73,-21.80,19.49,76.53,0.78,35.02,-7.17,-60.51,13.18,8.64
8591,Revenue GR 3Y avg,—,-16.52,18.16,28.58,33.93,8.10,-20.90,-25.42,-21.40,19.73,22.75
8591,Revenue GR 5Y avg,—,0.69,17.55,21.65,-2.51,-10.80,-9.45,-8.85,-3.74,9.11,9.45
8591,Revenue GR 10Y avg,—,-4.52,3.51,8.22,3.14,-1.20,—,—,—,—,—
8591,NP GR,—,—,13.28,93.65,10.57,-35.29,-37.63,-11.97,51.81,53.75,35.08
8591,NP GR 3Y avg,—,—,-1.54,7.60,-6.81,-15.36,-7.02,13.57,31.63,-0.13,8.71
8591,NP GR 5Y avg,—,—,5.75,19.01,-3.53,-4.08,—,—,—,—,—
8591,NP GR 10Y avg,0.0,0.0,0.0,0.0,0.0,0.0,0.0,0.0,0.0,0.0,0.0
8591,EPS GR,833.33,—,-71.97,150.67,112.68,34.67,-51.27,-61.99,1.11,24.80,118.31
8591,EPS GR 3Y avg,—,—,14.32,92.91,11.75,-37.05,-42.79,-21.72,40.18,51.30,35.15
8591,EPS GR 5Y avg,—,—,-0.39,5.87,-11.71,-20.64,-12.59,5.89,25.51,-1.14,8.43
8591,EPS GR 10Y avg,—,—,2.70,15.27,-6.58,-7.24,—,—,—,—,—
8591,OCF GR,—,—,-30.84,150.71,470.48,-69.82,152.71,—,—,—,—
8591,FCF GR,—,—,-31.23,151.30,565.35,-72.10,152.72,—,—,—,—
8591,D/E,0.93,0.92,0.74,0.81,1.01,1.16,1.30,1.41,0.96,0.84,0.59
8591,Price,0.6600,0.7500,0.9150,0.8700,0.9050,0.9100,1.0200,1.3500,1.5600,0.8700,0.5000
8613,Year End,TTM,2020-03,2019-03,2018-03,2017-03,2016-03,2015-03,2014-03,2013-03,2012-03,2011-03
8613,Revenue,167,227,165,75,179,132,108,66,29,23,20
8613,NP,-1,2,-25,1,-72,9,9,7,2,-2,1
8613,EPS,-0.01,0.02,-0.18,—,-0.53,0.07,0.06,0.05,0.02,-0.01,—
8613,DPS,0.01,0.03,0.04,—,0.03,—,—,—,—,—,—
8613,Div Payout,—,—,—,—,22.3,—,—,—,—,—,—
8613,Shares,168,135,135,135,135,135,135,135,135,135,135
8613,BVPS,0.86,0.88,1.07,1.14,1.78,1.73,1.63,1.57,1.52,1.51,—
8613,OCF,107,52,15,-22,37,-2,-9,-1,8,7,8
8613,FCF,53,16,4,-24,35,-4,-9,-2,7,-8,6
8613,NP Margin,-0.56,1.09,-14.94,1.36,-40.19,6.77,8.06,10.41,8.11,-7.94,2.56
8613,ROE,-0.80,2.07,-18.11,0.67,-37.20,3.89,3.95,3.26,1.15,-0.89,0.25
8613,Revenue GR,-52.98,37.61,118.77,-58.02,36.14,22.53,62.15,125.86,26.99,14.10,—
8613,Revenue GR 3Y avg,—,8.12,7.73,-11.20,39.33,64.94,66.92,48.47,11.74,-1.36,—
8613,Revenue GR 5Y avg,—,16.09,19.96,20.73,50.64,45.42,38.57,22.44,6.07,27.18,—
8613,Revenue GR 10Y avg,—,26.83,21.20,13.16,38.42,—,—,—,—,—,—
8613,NP GR,—,—,—,-50.97,—,55.29,—,137.04,-19.40,—,—
8613,NP GR 3Y avg,—,-22.14,—,-15.57,—,76.66,13.78,17.40,-36.13,—,—
8613,NP GR 5Y avg,—,-5.88,—,-26.57,—,-13.09,—,—,—,—,—
8613,NP GR 10Y avg,0.0,0.0,0.0,0.0,0.0,0.0,0.0,0.0,0.0,0.0,0.0
8613,EPS GR,-78.91,—,—,—,—,2.80,25.64,190.34,—,—,—
8613,EPS GR 3Y avg,—,—,—,-50.90,—,55.36,—,137.80,-19.47,—,—
8613,EPS GR 5Y avg,—,-22.11,—,-15.46,—,76.99,13.76,17.31,-36.16,—,—
8613,EPS GR 10Y avg,—,-5.87,—,-26.54,—,-13.01,—,—,—,—,—
8613,OCF GR,—,254.25,—,—,—,—,—,—,12.49,-5.49,—
8613,FCF GR,—,288.80,—,—,—,—,—,—,—,—,—
8613,D/E,0.35,0.30,0.49,0.02,0.12,0.15,0.35,0.44,0.41,0.49,0.36
8613,Price,0.6150,0.6150,1.2000,1.1500,2.6600,2.8300,2.0500,2.0600,1.0500,0.7800,0.8000
8621,Year End,TTM,2020-12,2019-12,2018-12,2017-12,2016-12,2015-12,2014-12,2013-12,2012-12,2011-12
8621,Revenue,"1,206","1,221","1,222","1,131","1,066","1,119",970,881,777,727,663
8621,NP,341,337,322,314,314,437,321,283,201,167,154
8621,EPS,0.86,0.85,0.81,0.79,0.79,1.10,0.81,0.71,0.51,0.42,0.39
8621,DPS,0.72,0.71,0.69,0.64,0.68,0.63,0.47,0.40,0.38,0.36,0.39
8621,Div Payout,84.1,86.2,86.0,80.8,87.1,54.3,55.9,72.7,76.2,85.8,50.6
8621,Shares,398,398,398,398,398,398,398,397,397,397,397
8621,BVPS,5.02,4.43,4.80,5.24,4.58,4.41,4.06,4.04,3.68,3.45,2.91
8621,OCF,250,257,52,381,243,-370,353,336,351,156,-12
8621,FCF,247,253,48,377,236,-373,344,333,349,153,-19
8621,NP Margin,28.29,27.59,26.38,27.77,29.44,39.08,33.09,32.12,25.93,22.95,23.31
8621,ROE,18.31,16.64,15.62,15.40,16.70,24.45,18.93,17.37,13.52,13.07,13.19
8621,Revenue GR,-4.89,-0.11,8.03,6.11,-4.71,15.33,10.08,13.42,6.81,9.74,13.71
8621,Revenue GR 3Y avg,—,4.62,2.99,5.26,6.55,12.92,10.07,9.96,10.05,12.26,12.94
8621,Revenue GR 5Y avg,—,4.70,6.76,7.80,7.94,11.04,10.72,11.38,11.05,42.81,100.99
8621,Revenue GR 10Y avg,—,7.67,9.04,9.41,24.16,49.39,44.48,—,—,—,—
8621,NP GR,—,2.38,-9.66,-0.73,3.50,29.48,24.35,22.36,13.46,9.80,14.01
8621,NP GR 3Y avg,—,0.96,2.64,9.29,13.46,23.13,18.41,17.55,14.08,13.72,14.61
8621,NP GR 5Y avg,—,9.34,9.84,11.66,13.59,18.79,15.70,—,—,—,—
8621,NP GR 10Y avg,0.0,0.0,0.0,0.0,0.0,0.0,0.0,0.0,0.0,0.0,0.0
8621,EPS GR,5.62,4.45,2.65,0.08,-28.23,36.21,13.04,40.37,20.58,8.13,9.87
8621,EPS GR 3Y avg,—,2.38,-9.66,-0.73,3.39,29.29,24.15,22.32,12.73,9.54,13.72
8621,EPS GR 5Y avg,—,0.96,2.57,9.20,13.34,23.02,17.85,17.34,13.91,13.54,14.49
8621,EPS GR 10Y avg,—,9.08,9.71,11.53,13.44,18.68,15.38,—,—,—,—
8621,OCF GR,—,393.86,-86.34,57.16,—,—,5.10,-4.32,125.02,—,—
8621,FCF GR,—,429.57,-87.32,59.72,—,—,3.28,-4.45,127.74,—,—
8621,D/E,0.02,0.02,0.02,—,—,—,—,—,—,—,0.03
8621,Price,13.6400,13.7200,15.1000,15.7400,18.1600,16.3800,16.0800,18.0600,17.4400,14.5400,13.5200
8664,Year End,TTM,2020-12,2019-12,2018-12,2017-12,2016-12,2014-10,2013-10,2012-10,2011-10,2010-10
8664,Revenue,"3,578","3,228","3,929","3,594","4,520","4,957","3,810","3,061","2,527","2,232","1,746"
8664,NP,-270,-321,344,671,933,808,406,418,394,322,252
8664,EPS,-0.10,-0.11,0.05,0.15,0.23,0.28,0.15,0.17,0.19,0.18,0.16
8664,DPS,—,0.01,0.05,0.15,0.19,0.22,0.11,0.13,0.14,0.14,0.10
8664,Div Payout,—,—,197.0,—,92.0,48.7,—,—,—,—,—
8664,Shares,"4,072","4,070","4,042","3,855","3,995","3,448","2,569","2,408","2,026","1,864","1,597"
8664,BVPS,2.93,2.89,2.99,3.18,2.68,2.72,—,—,—,—,—
8664,OCF,828,435,"1,171",896,652,422,448,670,646,643,—
8664,FCF,758,343,"1,073",799,560,372,369,582,617,-197,—
8664,NP Margin,-11.23,-14.04,5.38,15.78,19.69,16.30,10.65,13.65,15.59,14.69,14.42
8664,ROE,-3.35,-3.77,1.74,5.07,9.34,9.68,6.76,8.73,10.52,11.64,11.92
8664,Revenue GR,49.83,-17.84,9.33,-20.50,-8.82,12.90,24.49,21.13,13.17,27.87,—
8664,Revenue GR 3Y avg,—,-10.61,-7.46,-1.39,9.80,17.54,19.50,20.58,21.51,18.89,—
8664,Revenue GR 5Y avg,—,-2.65,4.13,5.88,12.11,18.42,22.02,18.17,16.97,14.10,—
8664,Revenue GR 10Y avg,—,7.70,10.19,10.70,12.99,13.02,14.03,—,—,—,—
8664,NP GR,—,—,-24.79,12.82,21.24,18.81,7.96,18.39,32.00,14.74,—
8664,NP GR 3Y avg,—,—,-3.12,9.02,18.78,20.79,18.83,14.38,8.65,6.06,—
8664,NP GR 5Y avg,—,—,4.36,8.85,12.91,13.14,9.67,—,—,—,—
8664,NP GR 10Y avg,0.0,0.0,0.0,0.0,0.0,0.0,0.0,0.0,0.0,0.0,0.0
8664,EPS GR,-124.73,—,-58.85,-43.11,-13.35,25.39,-8.99,14.93,-14.43,11.73,—
8664,EPS GR 3Y avg,—,—,-41.24,-5.06,6.27,13.72,-3.63,3.19,11.63,8.94,—
8664,EPS GR 5Y avg,—,—,-17.65,-2.74,3.91,8.28,7.79,4.92,-2.08,2.33,—
8664,EPS GR 10Y avg,—,—,-8.22,-2.44,3.20,5.81,3.05,—,—,—,—
8664,OCF GR,—,-62.88,30.72,37.40,54.64,-2.79,-33.06,3.70,0.49,84.51,—
8664,FCF GR,—,-67.98,34.17,42.63,50.52,0.47,-36.63,-5.77,—,—,—
8664,D/E,0.83,0.79,0.72,0.66,0.47,0.44,0.52,0.71,0.58,0.07,0.11
8664,Price,1.0500,0.9900,1.6000,2.3300,4.0000,3.1300,3.2000,3.3000,3.0700,3.6100,3.8400
8869,Year End,TTM,2020-12,2019-12,2018-12,2017-12,2016-12,2015-12,2014-12,2013-12,2012-12,2011-12
8869,Revenue,"7,748","7,476","8,805","9,170","8,176","6,649","4,321","4,091","3,122","2,384","2,269"
8869,NP,563,460,474,619,593,484,132,215,15,184,90
8869,EPS,0.07,0.06,0.05,0.08,0.08,0.06,0.02,0.03,—,0.04,0.02
8869,DPS,0.02,0.02,0.03,0.03,0.03,0.02,0.02,0.02,—,—,—
8869,Div Payout,30.5,40.4,49.7,38.2,45.0,31.2,90.2,55.9,31.6,7.4,9.4
8869,Shares,"8,076","8,076","8,040","7,950","7,835","7,782","7,598","7,459","5,696","5,112","4,941"
8869,BVPS,0.45,0.47,0.39,0.38,0.23,0.31,0.26,0.30,0.23,0.22,0.16
8869,OCF,"1,121","1,388","1,459","1,110",394,936,967,412,560,-24,-161
8869,FCF,-109,237,728,817,207,512,-847,144,125,-827,-398
8869,NP Margin,7.27,6.15,5.38,6.75,7.26,7.27,3.06,5.25,0.48,7.71,3.98
8869,ROE,16.27,12.00,13.73,22.48,26.51,23.33,6.94,13.68,1.19,16.06,9.82
8869,Revenue GR,14.84,-15.09,-3.99,12.16,22.96,53.88,5.63,31.05,30.92,5.10,33.55
8869,Revenue GR 3Y avg,—,-2.94,9.81,28.51,25.96,28.67,21.92,21.72,22.48,28.14,25.03
8869,Revenue GR 5Y avg,—,11.59,16.57,24.05,27.95,23.99,20.53,29.27,21.88,12.41,27.88
8869,Revenue GR 10Y avg,—,15.97,22.76,22.96,19.93,25.92,—,—,—,—,—
8869,NP GR,—,-8.15,-0.67,67.23,40.29,218.56,-10.39,33.52,-43.63,88.46,105.03
8869,NP GR 3Y avg,—,28.29,17.14,110.55,26.40,39.88,9.65,50.89,7.38,-15.79,35.50
8869,NP GR 5Y avg,—,18.60,32.95,50.36,3.17,37.67,—,—,—,—,—
8869,NP GR 10Y avg,0.0,0.0,0.0,0.0,0.0,0.0,0.0,0.0,0.0,0.0,0.0
8869,EPS GR,100.79,-3.48,-24.28,2.77,21.88,256.60,-42.69,—,-92.70,96.82,-2.73
8869,EPS GR 3Y avg,—,-9.10,-1.75,64.69,35.56,187.15,-21.46,18.50,-48.11,75.42,93.06
8869,EPS GR 5Y avg,—,26.70,14.15,96.98,16.06,27.73,-1.49,35.47,0.66,-19.61,27.29
8869,EPS GR 10Y avg,—,11.72,24.36,40.81,-3.41,27.51,—,—,—,—,—
8869,OCF GR,—,-4.91,31.50,181.71,-57.93,-3.19,134.79,-26.46,—,—,—
8869,FCF GR,—,-67.45,-10.89,294.27,-59.49,—,—,15.63,—,—,—
8869,D/E,1.02,0.88,0.88,0.62,0.96,0.81,1.03,0.54,0.86,0.89,0.62
8869,Price,9.9000,8.3900,4.6500,4.8300,5.3900,1.5900,2.0900,2.5900,2.3200,1.9100,1.7600
8877,Year End,TTM,2020-06,2019-06,2018-06,2017-06,2016-06,2015-06,2014-06,2013-06,2012-06,2011-06
8877,Revenue,"1,170","1,268","1,335","1,052","1,089",794,438,229,141,209,128
8877,NP,-8,47,140,114,115,155,19,47,50,73,24
8877,EPS,—,0.02,0.06,0.05,0.05,0.07,0.01,0.03,0.04,0.07,0.02
8877,DPS,0.01,0.01,0.01,0.02,0.01,0.01,0.01,—,0.01,0.01,0.01
8877,Div Payout,—,21.0,18.8,33.4,11.2,59.2,28.7,9.2,11.4,21.9,—
8877,Shares,"2,686","2,655","2,179","2,306","2,297","2,139","2,139","1,629","1,224","1,095","1,028"
8877,BVPS,0.93,0.95,0.80,0.93,0.90,0.55,0.51,0.37,0.23,0.34,—
8877,OCF,147,300,646,128,166,61,-137,87,-24,-33,76
8877,FCF,-671,-643,-125,-435,-528,-511,-346,-12,-30,-53,37
8877,NP Margin,-0.66,3.71,10.52,10.86,10.54,19.58,4.23,20.56,35.52,34.77,19.00
8877,ROE,-0.31,1.91,6.32,5.84,7.09,12.44,1.62,5.02,8.41,19.23,7.40
8877,Revenue GR,-11.70,-5.01,26.93,-3.38,37.19,81.18,91.17,62.54,-32.54,63.02,—
8877,Revenue GR 3Y avg,—,5.22,18.94,33.92,68.12,77.89,27.98,21.36,-13.49,-9.05,—
8877,Revenue GR 5Y avg,—,23.69,42.26,49.48,39.12,44.00,15.00,-3.78,-20.43,-10.14,—
8877,Revenue GR 10Y avg,—,19.27,17.00,9.06,11.81,13.20,—,—,—,—,—
8877,NP GR,—,-25.72,-3.31,83.43,34.55,45.87,-36.60,24.61,70.52,119.96,—
8877,NP GR 3Y avg,—,20.50,24.42,17.94,9.58,44.88,12.88,47.16,24.52,33.18,—
8877,NP GR 5Y avg,—,16.63,35.31,21.19,20.80,34.26,—,—,—,—,—
8877,NP GR 10Y avg,0.0,0.0,0.0,0.0,0.0,0.0,0.0,0.0,0.0,0.0,0.0
8877,EPS GR,218.75,-72.56,30.30,-0.80,-31.34,741.20,-70.12,-29.29,-38.90,182.54,—
8877,EPS GR 3Y avg,—,-29.21,-3.90,78.94,19.94,21.13,-49.46,6.87,56.40,107.32,—
8877,EPS GR 5Y avg,—,15.42,17.40,3.89,-5.71,25.13,-4.17,30.95,17.95,30.43,—
8877,EPS GR 10Y avg,—,5.17,23.99,10.70,10.90,21.59,—,—,—,—,—
8877,OCF GR,—,-53.61,405.03,-22.89,170.93,—,—,—,—,—,—
8877,FCF GR,—,—,—,—,—,—,—,—,—,—,—
8877,D/E,2.26,2.26,2.34,3.02,3.11,1.44,1.55,1.62,0.77,0.02,0.03
8877,Price,0.4850,0.5100,0.8500,0.6600,1.2000,1.5000,1.0200,1.1300,2.8300,2.5000,3.0000
8893,Year End,TTM,2020-06,2019-06,2018-06,2017-06,2016-06,2015-06,2014-06,2013-06,2012-06,2011-06
8893,Revenue,198,202,172,182,192,295,488,489,468,429,419
8893,NP,11,11,6,24,18,16,54,66,40,24,19
8893,EPS,0.01,—,0.01,0.02,0.01,0.01,0.04,0.06,0.03,0.02,0.02
8893,DPS,0.01,0.01,—,—,—,0.02,0.04,0.02,0.01,—,—
8893,Div Payout,109.9,—,—,—,—,80.7,71.0,49.5,37.4,—,—
8893,Shares,"1,191","1,205","1,205","1,205","1,205","1,205","1,205","1,205","1,205","1,205","1,205"
8893,BVPS,1.00,1.00,1.00,0.99,0.97,0.96,0.95,0.94,0.91,0.89,—
8893,OCF,22,-12,4,-60,-36,21,14,102,27,116,247
8893,FCF,21,-13,-2,-64,-37,18,7,86,—,93,244
8893,NP Margin,5.34,5.23,3.70,13.47,9.43,5.53,11.05,13.44,8.62,5.65,4.53
8893,ROE,0.88,0.88,0.53,2.06,1.56,1.41,4.67,5.84,3.70,2.27,1.84
8893,Revenue GR,-25.33,17.30,-5.37,-5.45,-34.81,-39.58,-0.09,4.38,9.27,2.31,—
8893,Revenue GR 3Y avg,—,1.63,-16.45,-28.05,-26.72,-14.27,4.45,5.28,14.89,20.40,—
8893,Revenue GR 5Y avg,—,-16.19,-18.84,-17.23,-14.80,-6.77,9.60,14.76,27.86,12.15,—
8893,Revenue GR 10Y avg,—,-4.16,-3.49,2.87,-2.25,-3.20,—,—,—,—,—
8893,NP GR,—,-16.49,-26.92,-23.14,-34.89,-26.03,30.64,51.32,54.16,10.35,—
8893,NP GR 3Y avg,—,-27.83,-37.28,-9.50,-5.61,-2.94,37.42,29.54,—,17.51,—
8893,NP GR 5Y avg,—,-0.42,-9.87,—,5.31,-10.08,—,—,—,—,—
8893,NP GR 10Y avg,0.0,0.0,0.0,0.0,0.0,0.0,0.0,0.0,0.0,0.0,0.0
8893,EPS GR,-28.13,80.00,-75.00,33.33,10.66,-69.88,-18.18,66.67,65.00,27.06,—
8893,EPS GR 3Y avg,—,-15.66,-28.28,-23.69,-35.15,-25.67,31.04,51.75,53.40,10.18,—
8893,EPS GR 5Y avg,—,-27.52,-38.10,-9.53,-5.59,-2.95,37.54,29.75,—,17.39,—
8893,EPS GR 10Y avg,—,-0.16,-10.38,—,5.27,-10.08,—,—,—,—,—
8893,OCF GR,—,—,—,—,—,45.14,-85.95,279.93,-76.78,-53.09,—
8893,FCF GR,—,—,—,—,—,162.36,-91.93,—,—,-62.05,—
8893,D/E,0.01,0.01,0.01,0.02,0.02,0.03,0.02,0.07,0.10,0.05,0.04
8893,Price,0.2200,0.1100,0.1800,0.2300,0.2750,0.3200,0.3800,0.4700,0.3500,0.3000,0.2900
8966,Year End,TTM,2020-07,2019-07,2018-07,2017-07,2016-07,2015-07,2014-07,2013-07,2012-07,2011-07
8966,Revenue,307,341,364,303,—,403,350,294,236,189,184
8966,NP,40,18,6,8,23,28,21,18,15,10,6
8966,EPS,0.15,0.07,0.02,0.03,0.08,0.11,0.09,0.09,0.08,—,0.03
8966,DPS,0.01,—,—,0.01,0.02,0.02,0.02,0.01,0.01,—,—
8966,Div Payout,4.5,272.8,312.4,29.4,14.1,19.4,22.9,952.4,7.9,—,—
8966,Shares,266,262,261,262,278,243,216,197,187,185,184
8966,BVPS,1.01,0.85,0.85,0.85,0.82,0.51,0.54,0.45,0.37,0.29,0.21
8966,OCF,56,47,24,-19,28,43,18,22,12,27,3
8966,FCF,51,37,-1,-87,-3,11,2,1,5,23,-6
8966,NP Margin,13.01,5.18,1.65,2.64,—,7.04,5.93,6.29,6.56,5.26,3.13
8966,ROE,16.05,7.42,2.67,3.61,10.87,18.25,20.06,22.17,23.20,18.55,12.68
8966,Revenue GR,-21.61,-6.46,20.26,—,—,14.96,19.12,24.86,24.30,2.73,34.77
8966,Revenue GR 3Y avg,—,—,-3.31,-4.76,—,19.58,22.73,16.82,19.83,8.92,3.42
8966,Revenue GR 5Y avg,—,-0.57,4.36,5.14,—,16.90,20.68,14.94,7.15,0.86,0.84
8966,Revenue GR 10Y avg,—,9.54,9.52,6.14,—,8.58,—,—,—,—,—
8966,NP GR,—,-7.96,-40.36,-27.23,6.94,22.43,27.76,47.39,56.30,117.58,—
8966,NP GR 3Y avg,—,-3.23,-20.12,-12.33,17.81,37.47,38.70,80.42,—,—,—
8966,NP GR 5Y avg,—,15.86,20.05,—,—,—,—,—,—,—,—
8966,NP GR 10Y avg,0.0,0.0,0.0,0.0,0.0,0.0,0.0,0.0,0.0,0.0,0.0
8966,EPS GR,—,233.33,-40.00,-58.33,-29.41,13.78,5.00,—,—,75.00,45.45
8966,EPS GR 3Y avg,—,-5.90,-43.91,-30.57,-5.52,—,21.64,44.23,—,110.55,—
8966,EPS GR 5Y avg,—,-7.72,-26.75,—,7.65,29.08,35.58,74.11,—,—,—
8966,EPS GR 10Y avg,—,11.86,12.93,—,—,—,—,—,—,—,—
8966,OCF GR,—,99.38,—,—,-34.84,147.83,-21.28,90.77,-56.40,767.24,-49.79
8966,FCF GR,—,—,—,—,—,355.38,285.32,-87.32,-79.20,—,—
8966,D/E,0.22,0.28,0.30,0.10,0.03,0.04,0.03,0.04,—,—,—
8966,Price,1.0300,0.6400,0.4550,0.7000,1.2800,1.4800,2.5900,1.5200,1.9400,0.8100,0.3400
8982,Year End,TTM,2020-12,2019-12,2018-12,2017-12,2016-12,2015-12,2014-12,2013-12,2012-12,2011-12
8982,Revenue,237,235,209,241,274,255,228,244,212,219,290
8982,NP,21,15,—,5,31,21,10,21,23,21,44
8982,EPS,0.07,0.05,—,0.02,0.08,0.07,0.03,0.07,0.08,0.08,0.14
8982,DPS,0.01,0.01,0.01,0.02,0.01,0.01,0.02,0.02,0.01,0.03,0.03
8982,Div Payout,22.2,54.4,—,41.8,16.0,31.5,45.7,22.4,54.1,44.0,25.3
8982,Shares,309,309,309,309,309,309,309,309,309,309,311
8982,BVPS,1.10,1.06,1.11,1.13,1.59,1.51,1.48,1.45,1.33,1.30,1.12
8982,OCF,47,42,25,19,39,25,18,3,29,27,33
8982,FCF,38,30,7,5,28,17,-4,-17,-9,-44,1
8982,NP Margin,8.82,6.22,0.21,2.20,11.36,8.30,4.30,8.43,10.89,9.61,15.13
8982,ROE,6.14,4.32,0.13,1.26,6.42,4.54,2.15,4.60,5.48,5.30,11.65
8982,Revenue GR,14.50,12.63,-13.29,-12.23,7.64,11.59,-6.43,15.20,-3.34,-24.52,25.18
8982,Revenue GR 3Y avg,—,-5.01,-6.43,1.78,3.97,6.35,1.38,-5.63,-2.98,10.13,5.52
8982,Revenue GR 5Y avg,—,0.59,-3.08,2.59,4.59,-2.58,-0.31,8.26,-3.03,—,17.62
8982,Revenue GR 10Y avg,—,0.14,2.44,-0.26,—,7.68,—,—,—,—,—
8982,NP GR,—,-22.28,-72.52,-18.57,14.84,-2.84,-22.45,-22.35,-2.51,6.49,3.25
8982,NP GR 3Y avg,—,8.29,-53.67,-25.48,8.15,-13.60,-16.98,3.37,-10.39,—,20.74
8982,NP GR 5Y avg,—,-5.18,-30.79,-18.28,—,3.22,—,—,—,—,—
8982,NP GR 10Y avg,0.0,0.0,0.0,0.0,0.0,0.0,0.0,0.0,0.0,0.0,0.0
8982,EPS GR,-796.15,—,-91.86,-80.80,30.99,115.09,-52.18,-10.86,9.54,-27.66,78.51
8982,EPS GR 3Y avg,—,-19.18,-72.65,-18.52,10.45,-2.85,-22.42,-10.94,12.26,7.95,-8.65
8982,EPS GR 5Y avg,—,8.26,-53.80,-25.43,5.64,-6.19,-9.62,4.20,-9.59,—,13.16
8982,EPS GR 10Y avg,—,-1.08,-30.61,-17.89,—,3.65,—,—,—,—,—
8982,OCF GR,—,64.52,36.45,-51.84,54.73,37.44,452.78,-88.46,6.83,-20.10,-22.55
8982,FCF GR,—,343.39,27.87,-81.17,70.31,—,—,—,—,—,-96.99
8982,D/E,0.12,0.14,0.15,0.15,0.10,0.14,0.16,0.13,0.16,0.19,0.10
8982,Price,0.6800,0.6950,0.7200,0.5650,0.8050,0.8650,0.7300,0.8150,0.9350,0.9400,1.0100
9059,Year End,TTM,2020-12,2019-12,2018-12,2017-12,2016-12,2015-12,2014-12,2013-12,2012-12,2011-12
9059,Revenue,771,782,839,906,"1,074",872,800,"1,071","1,018",984,"1,134"
9059,NP,98,79,44,40,115,58,-106,124,151,77,118
9059,EPS,0.07,0.06,0.03,0.03,0.07,0.04,-0.08,0.10,0.12,0.06,0.10
9059,DPS,0.03,0.01,0.01,0.02,0.02,0.02,0.03,0.02,0.02,0.02,0.02
9059,Div Payout,43.3,23.6,38.2,43.7,38.6,307.6,—,22.1,13.8,37.4,24.4
9059,Shares,"1,380","1,380","1,381","1,382","1,364","1,345","1,345","1,345","1,304","1,236","1,229"
9059,BVPS,1.06,1.00,1.03,0.91,1.11,1.07,0.90,0.85,0.79,0.70,0.61
9059,OCF,227,235,182,173,204,132,-23,119,62,12,153
9059,FCF,170,178,78,19,38,-65,-234,-161,-170,-71,3
9059,NP Margin,12.71,10.17,5.28,4.46,10.71,6.63,-13.20,11.56,14.83,7.83,10.44
9059,ROE,7.17,5.50,3.15,2.84,7.71,4.04,-8.31,11.03,15.52,8.89,14.80
9059,Revenue GR,-22.79,-6.82,-7.45,-15.56,23.07,9.10,-25.35,5.23,3.48,-13.27,24.85
9059,Revenue GR 3Y avg,—,-10.04,-1.29,4.27,0.08,-5.01,-6.68,-1.89,3.86,0.12,0.72
9059,Revenue GR 5Y avg,—,-0.45,-4.77,-2.29,1.76,-5.12,-2.52,1.79,-1.72,2.69,12.67
9059,Revenue GR 10Y avg,—,-1.49,-1.55,-2.01,2.22,3.40,3.98,—,—,—,—
9059,NP GR,—,-11.58,-8.54,—,-2.42,-27.35,—,1.47,21.45,2.13,25.45
9059,NP GR 3Y avg,—,—,-18.58,-23.15,8.34,-13.35,—,11.35,20.27,-4.08,18.10
9059,NP GR 5Y avg,—,-0.58,-4.79,-3.86,1.94,1.16,—,—,—,—,—
9059,NP GR 10Y avg,0.0,0.0,0.0,0.0,0.0,0.0,0.0,0.0,0.0,0.0,0.0
9059,EPS GR,843.75,79.44,9.56,-65.24,96.05,—,—,-21.77,88.87,-35.41,41.14
9059,EPS GR 3Y avg,—,-11.92,-9.29,—,-2.87,-28.49,—,-1.55,19.86,2.08,25.79
9059,EPS GR 5Y avg,—,—,-18.99,-24.27,6.25,-14.91,—,9.47,19.41,-4.86,15.81
9059,EPS GR 10Y avg,—,-1.69,-5.83,-4.90,0.54,-0.73,—,—,—,—,—
9059,OCF GR,—,28.75,5.35,-15.10,54.83,—,—,91.57,421.77,-92.24,27.25
9059,FCF GR,—,130.13,301.58,-49.03,—,—,—,—,—,—,—
9059,D/E,0.40,0.43,0.62,0.58,0.54,0.58,0.35,0.39,0.49,0.59,0.38
9059,Price,1.0500,1.1500,1.5400,0.9900,1.6500,1.8600,1.9600,2.3100,3.0100,2.1700,1.9000
9172,Year End,TTM,2020-12,2019-12,2018-12,2017-12,2016-12,2015-12,2014-12,2013-12,2012-12,2011-12
9172,Revenue,850,766,766,561,461,344,310,464,556,734,618
9172,NP,68,53,42,37,41,14,19,8,22,27,12
9172,EPS,0.27,0.21,0.17,0.15,0.17,0.05,0.08,0.03,0.09,0.11,0.05
9172,DPS,0.14,0.11,0.10,0.08,0.06,0.07,0.03,0.06,0.06,0.04,0.06
9172,Div Payout,51.2,55.9,63.6,50.6,43.2,86.1,76.5,94.8,73.2,36.3,55.9
9172,Shares,247,247,247,247,247,247,247,247,247,247,247
9172,BVPS,1.44,1.30,1.22,1.16,1.08,1.00,1.04,0.98,0.99,0.97,0.90
9172,OCF,101,99,71,61,36,6,35,3,16,56,18
9172,FCF,93,95,61,41,13,-13,10,-1,14,42,14
9172,NP Margin,7.96,6.86,5.45,6.54,8.93,3.94,6.25,1.64,3.93,3.69,2.01
9172,ROE,20.17,16.28,13.85,12.88,15.60,5.37,7.80,3.08,8.96,11.81,5.61
9172,Revenue GR,67.24,-0.03,36.69,21.54,34.13,10.91,-33.16,-16.58,-24.30,18.78,—
9172,Revenue GR 3Y avg,—,18.43,30.62,21.83,-0.19,-14.80,-24.99,-9.14,—,14.19,4.75
9172,Revenue GR 5Y avg,—,19.83,10.56,0.16,-8.89,-11.08,—,-1.96,0.45,6.49,1.66
9172,Revenue GR 10Y avg,—,—,4.27,0.30,-1.69,-5.07,-3.91,—,—,—,—
9172,NP GR,—,8.46,45.54,23.69,75.71,-14.70,-10.60,-15.12,—,-9.89,-2.01
9172,NP GR 3Y avg,—,22.08,40.64,10.92,8.72,1.76,—,-27.96,11.28,20.25,281.12
9172,NP GR 5Y avg,—,—,1.50,11.09,14.19,93.64,14.87,—,—,—,—
9172,NP GR 10Y avg,0.0,0.0,0.0,0.0,0.0,0.0,0.0,0.0,0.0,0.0,0.0
9172,EPS GR,277.27,25.77,13.98,-11.00,203.65,-30.01,155.05,-65.23,-19.73,119.01,—
9172,EPS GR 3Y avg,—,8.46,45.50,23.67,75.66,-14.70,-10.71,-15.13,—,-11.07,-11.49
9172,EPS GR 5Y avg,—,22.08,40.62,10.90,8.63,1.76,—,-28.56,4.91,18.51,275.23
9172,EPS GR 10Y avg,—,—,1.08,7.93,13.34,92.17,14.02,—,—,—,—
9172,OCF GR,—,38.32,16.11,71.80,456.94,-81.59,—,-81.45,-70.44,207.54,—
9172,FCF GR,—,54.44,50.88,220.28,—,—,—,—,-66.19,207.31,—
9172,D/E,—,—,0.01,—,—,—,—,—,—,—,—
9172,Price,2.9700,2.2700,1.6100,1.6800,1.7200,0.8650,0.8900,0.7600,0.7550,0.7100,0.7200
9199,Year End,TTM,2020-12,2019-12,2018-12,2017-12,2016-12,2015-12,2014-12,2013-12,2012-12,2011-12
9199,Revenue,56,55,76,68,91,65,64,65,80,79,57
9199,NP,3,3,9,9,18,15,16,11,15,12,8
9199,EPS,0.06,0.07,0.22,0.22,0.43,0.36,0.39,0.27,0.36,0.28,0.19
9199,DPS,0.05,0.05,0.07,0.07,0.07,0.15,—,0.12,0.12,0.10,0.10
9199,Div Payout,78.6,64.3,31.2,29.4,14.6,45.1,—,44.4,29.7,35.4,23.6
9199,Shares,42,42,42,42,42,42,42,42,42,42,42
9199,BVPS,3.78,3.70,3.67,3.51,3.35,2.93,2.75,2.81,2.67,2.48,2.19
9199,OCF,2,—,5,3,16,4,20,20,23,-12,9
9199,FCF,1,-2,-2,2,9,3,20,19,9,-17,8
9199,NP Margin,4.76,5.59,12.02,13.54,19.69,22.90,25.52,17.22,18.96,14.79,13.49
9199,ROE,1.69,1.98,6.04,6.35,13.32,12.23,14.99,10.50,13.87,11.83,8.29
9199,Revenue GR,4.48,-27.65,11.79,-25.22,38.85,2.37,-2.08,-17.95,0.25,38.50,-3.06
9199,Revenue GR 3Y avg,—,-15.43,5.09,2.06,11.65,-6.31,-6.96,4.44,10.41,8.15,-17.51
9199,Revenue GR 5Y avg,—,-2.98,3.08,-3.11,2.74,2.69,1.58,0.80,-4.87,-0.84,-2.96
9199,Revenue GR 10Y avg,—,-0.73,1.93,-3.99,0.94,-0.18,—,—,—,—,—
9199,NP GR,—,-44.42,-15.22,-17.38,16.75,-0.21,11.59,13.29,19.67,7.92,-19.10
9199,NP GR 3Y avg,—,-28.39,-4.07,-9.41,8.79,14.15,13.14,3.78,0.65,7.72,6.05
9199,NP GR 5Y avg,—,-9.99,-0.22,-4.51,8.26,10.03,—,—,—,—,—
9199,NP GR 10Y avg,0.0,0.0,0.0,0.0,0.0,0.0,0.0,0.0,0.0,0.0,0.0
9199,EPS GR,-26.29,-66.38,-0.72,-48.58,19.38,-8.14,45.11,-25.46,28.46,51.88,-12.15
9199,EPS GR 3Y avg,—,-44.43,-15.22,-17.38,16.75,-0.21,11.59,13.30,19.67,7.92,-19.10
9199,EPS GR 5Y avg,—,-28.40,-4.07,-9.42,8.79,14.16,13.14,3.78,0.65,7.73,6.05
9199,EPS GR 10Y avg,—,-9.99,-0.23,-4.51,8.26,10.03,—,—,—,—,—
9199,OCF GR,—,—,35.96,-79.11,294.13,-79.39,2.12,-13.04,—,—,1.39
9199,FCF GR,—,—,—,-74.50,209.07,-85.90,6.25,100.11,—,—,4.43
9199,D/E,—,—,—,—,—,—,—,—,—,—,—
9199,Price,2.2000,2.3400,2.4100,2.5000,3.9400,3.5000,3.7700,3.2500,3.0500,2.4200,1.6900
9237,Year End,TTM,2019-12,2018-12,2017-12,2016-12,2015-12,2014-12,2013-12,2012-12,2011-12,2010-12
9237,Revenue,359,86,76,69,57,66,65,57,65,45,44
9237,NP,23,3,-10,—,2,—,-3,-3,1,—,1
9237,EPS,0.06,0.01,-0.03,—,0.01,—,-0.01,-0.01,—,—,—
9237,DPS,0.01,—,—,—,—,—,—,—,—,—,—
9237,Div Payout,10.3,—,—,—,—,—,—,—,—,—,—
9237,Shares,393,344,344,316,294,294,294,294,294,294,294
9237,BVPS,0.35,—,—,—,—,—,—,—,—,—,—
9237,OCF,-5,2,-2,-2,1,1,2,3,3,1,-3
9237,FCF,-15,-8,-2,-6,-1,—,-3,1,2,1,-4
9237,NP Margin,6.32,3.66,-12.89,-0.38,2.79,0.36,-4.55,-4.91,1.99,0.25,1.88
9237,ROE,24.32,6.25,-18.18,-0.47,3.12,0.48,-5.71,-5.18,2.33,0.21,1.53
9237,Revenue GR,506.82,13.28,10.43,20.62,-13.43,2.01,12.45,-11.28,44.08,2.17,—
9237,Revenue GR 3Y avg,—,14.70,4.86,2.13,-0.23,0.59,12.86,9.31,-1.47,7.36,—
9237,Revenue GR 5Y avg,—,5.91,5.75,1.22,4.89,8.42,-0.93,9.60,17.10,10.23,—
9237,Revenue GR 10Y avg,—,2.43,7.66,8.88,7.52,—,—,—,—,—,—
9237,NP GR,—,25.53,—,—,—,-42.82,—,—,—,—,—
9237,NP GR 3Y avg,—,—,—,—,69.62,-21.86,—,—,—,—,—
9237,NP GR 5Y avg,—,—,—,—,—,—,—,—,—,—,—
9237,NP GR 10Y avg,0.0,0.0,0.0,0.0,0.0,0.0,0.0,0.0,0.0,0.0,0.0
9237,EPS GR,830.84,—,—,—,554.55,—,—,—,—,-86.61,—
9237,EPS GR 3Y avg,—,19.33,—,—,—,-42.66,—,—,—,—,—
9237,EPS GR 5Y avg,—,—,—,—,70.48,-21.68,—,—,—,—,—
9237,EPS GR 10Y avg,—,—,—,—,—,—,—,—,—,—,—
9237,OCF GR,—,—,—,—,46.54,-54.68,-40.78,32.18,125.94,—,—
9237,FCF GR,—,—,—,—,—,—,—,-64.02,172.69,—,—
9237,D/E,0.10,0.38,0.33,0.17,0.25,0.21,0.20,0.13,0.17,0.17,0.23
9237,Price,1.7000,1.4200,1.9000,0.4800,0.5200,0.5900,0.8100,0.8300,0.4650,0.3000,0.3400
9261,Year End,TTM,2020-05,2019-05,2018-05,2017-05,2016-05,2015-05,2014-05,2013-05,2012-05,2011-05
9261,Revenue,538,673,688,596,554,675,587,545,356,246,350
9261,NP,6,35,44,97,100,95,60,43,20,14,-9
9261,EPS,0.01,0.05,0.07,0.14,0.15,0.16,0.11,0.09,0.04,0.03,-0.01
9261,DPS,0.01,0.01,0.03,0.03,0.03,0.02,0.02,0.01,0.01,—,—
9261,Div Payout,133.3,25.9,28.3,19.5,11.7,12.6,22.0,16.1,0.3,—,—
9261,Shares,740,726,662,686,662,579,557,495,492,492,426
9261,BVPS,1.11,1.11,1.11,1.02,0.90,0.71,0.66,0.59,0.53,0.50,—
9261,OCF,-81,136,-84,63,38,-2,93,-39,115,42,-20
9261,FCF,-95,115,-105,20,2,-19,60,-48,110,41,-36
9261,NP Margin,1.17,5.27,6.41,16.26,18.08,14.03,10.15,7.93,5.74,5.87,-2.51
9261,ROE,0.77,4.58,6.13,14.59,17.38,20.82,17.55,15.42,8.05,6.07,-4.24
9261,Revenue GR,-34.52,-2.13,15.37,7.62,-17.99,14.98,7.79,52.87,44.70,-29.71,—
9261,Revenue GR 3Y avg,—,6.71,0.60,0.49,0.54,23.74,33.60,15.85,9.64,-0.05,—
9261,Revenue GR 5Y avg,—,2.76,4.76,10.83,17.59,14.02,16.78,17.18,15.71,1.74,—
9261,Revenue GR 10Y avg,—,9.55,10.80,13.24,9.38,13.79,—,—,—,—,—
9261,NP GR,—,-29.24,-22.53,17.58,32.31,66.67,60.38,—,-11.80,33.60,—
9261,NP GR 3Y avg,—,-9.87,0.38,36.47,47.27,—,14.85,48.13,6.37,-12.64,—
9261,NP GR 5Y avg,—,1.74,21.94,20.48,13.43,14.80,—,—,—,—,—
9261,NP GR 10Y avg,0.0,0.0,0.0,0.0,0.0,0.0,0.0,0.0,0.0,0.0,0.0
9261,EPS GR,-72.34,-26.58,-52.87,-6.61,-7.61,52.99,33.93,91.93,-98.58,—,—
9261,EPS GR 3Y avg,—,-31.37,-25.91,9.70,23.71,57.85,-66.86,—,-6.26,559.00,—
9261,EPS GR 5Y avg,—,-14.50,-3.58,27.68,-44.75,—,16.19,50.73,10.28,124.18,—
9261,EPS GR 10Y avg,—,-0.33,20.55,18.66,11.29,13.60,—,—,—,—,—
9261,OCF GR,—,—,—,65.38,—,—,—,—,173.14,—,—
9261,FCF GR,—,—,—,—,—,—,—,—,167.16,—,—
9261,D/E,0.34,0.21,0.26,0.31,0.23,0.32,0.24,0.22,0.22,0.20,0.10
9261,Price,0.4000,0.5050,0.8600,0.6650,1.2500,2.0800,1.4600,1.6600,0.9150,0.5700,0.6800
9288,Year End,TTM,2020-06,2019-06,2018-06,2017-06,2016-06,2015-06,2014-06,2013-06,2012-06,2011-06
9288,Revenue,274,345,462,440,613,665,695,692,632,580,461
9288,NP,9,3,18,20,32,25,45,55,41,41,39
9288,EPS,0.05,0.01,0.08,0.09,0.15,0.11,0.21,0.25,0.19,0.19,0.18
9288,DPS,0.04,0.03,—,0.05,0.05,0.05,0.05,0.05,0.05,0.02,0.05
9288,Div Payout,123.2,46.0,—,45.7,35.9,40.1,20.2,19.6,27.2,28.3,—
9288,Shares,201,213,217,218,218,218,218,218,218,218,218
9288,BVPS,1.82,1.75,1.74,2.00,1.98,1.84,1.75,1.55,1.37,1.23,—
9288,OCF,84,49,69,49,59,68,53,53,50,72,54
9288,FCF,71,43,59,37,46,32,33,21,21,56,34
9288,NP Margin,3.13,0.81,3.90,4.49,5.18,3.73,6.52,7.97,6.54,7.05,8.49
9288,ROE,2.34,0.75,4.41,4.53,7.56,6.26,12.35,16.99,14.46,16.31,17.97
9288,Revenue GR,-26.35,-25.38,4.96,-28.17,-7.86,-4.30,0.54,9.38,9.06,25.67,—
9288,Revenue GR 3Y avg,—,-17.45,-11.44,-14.12,-3.93,1.72,6.24,14.45,20.64,22.57,—
9288,Revenue GR 5Y avg,—,-13.08,-7.74,-6.98,1.12,7.60,14.07,17.04,16.07,18.67,—
9288,Revenue GR 10Y avg,—,-0.43,3.91,3.91,9.55,11.63,—,—,—,—,—
9288,NP GR,—,-55.60,-10.15,-24.14,-16.81,-15.61,3.50,12.08,7.22,25.66,—
9288,NP GR 3Y avg,—,-42.79,-20.03,-13.71,-4.94,-8.69,6.20,21.75,8.15,7.71,—
9288,NP GR 5Y avg,—,-22.05,-1.33,-3.40,1.19,6.04,—,—,—,—,—
9288,NP GR 10Y avg,0.0,0.0,0.0,0.0,0.0,0.0,0.0,0.0,0.0,0.0,0.0
9288,EPS GR,-215.20,-84.26,-8.57,-37.82,27.92,-45.20,-17.80,33.33,1.13,4.43,—
9288,EPS GR 3Y avg,—,-55.27,-10.07,-24.18,-16.78,-15.62,3.49,12.09,7.22,25.66,—
9288,EPS GR 5Y avg,—,-42.52,-20.00,-13.73,-4.92,-8.70,6.20,21.76,7.78,4.79,—
9288,EPS GR 10Y avg,—,-21.87,-1.31,-3.57,-0.18,8.79,—,—,—,—,—
9288,OCF GR,—,-29.29,41.51,-16.39,-14.32,30.46,-0.62,6.64,-31.58,33.55,—
9288,FCF GR,—,-27.29,58.23,-17.67,41.33,-1.31,55.37,1.97,-63.19,63.40,—
9288,D/E,0.31,0.21,0.09,0.13,0.23,0.26,0.26,0.30,0.17,0.13,0.14
9288,Price,0.8600,0.5500,0.3200,0.4200,0.6150,0.5700,0.9500,5.3500,2.4000,2.1800,1.8100
9296,Year End,TTM,2020-03,2019-03,2018-03,2017-03,2016-03,2015-03,2014-03,2013-03,2012-03,2011-03
9296,Revenue,291,283,263,246,223,162,131,130,168,230,210
9296,NP,119,111,96,89,79,40,36,13,10,101,104
9296,EPS,0.34,0.32,0.28,0.26,0.24,0.12,0.09,0.01,0.03,0.35,0.35
9296,DPS,0.12,0.10,0.08,0.06,0.04,0.06,0.06,0.06,0.04,0.04,0.05
9296,Div Payout,35.8,32.7,39.6,11.7,17.8,43.4,56.6,—,22.2,13.5,—
9296,Shares,354,349,342,341,331,321,296,292,333,293,293
9296,BVPS,2.03,1.84,1.64,1.39,29.62,1.38,2.01,2.16,2.34,1.75,—
9296,OCF,38,38,9,-38,-99,-140,-111,-5,42,160,73
9296,FCF,35,35,8,-39,-100,-141,-114,-9,36,159,73
9296,NP Margin,40.79,39.13,36.38,36.06,35.35,24.37,20.44,2.40,5.79,44.09,49.53
9296,ROE,17.25,17.60,17.33,18.46,17.59,7.74,4.45,0.48,1.62,20.46,24.04
9296,Revenue GR,7.38,7.63,6.78,10.11,37.53,23.78,0.71,-22.39,-26.98,9.20,—
9296,Revenue GR 3Y avg,—,8.16,17.37,23.30,19.69,-1.09,-17.05,-14.78,-5.68,10.50,—
9296,Revenue GR 5Y avg,—,16.59,15.05,7.94,-0.57,-5.06,-8.09,-5.23,12.11,18.97,—
9296,Revenue GR 10Y avg,—,3.52,4.42,10.01,8.76,11.96,—,—,—,—,—
9296,NP GR,—,11.89,34.15,34.80,84.79,59.68,-29.05,-50.67,-50.70,15.05,—
9296,NP GR 3Y avg,—,25.02,50.16,55.61,-4.87,-17.61,-14.90,-28.41,-28.10,9.85,—
9296,NP GR 5Y avg,—,3.15,3.68,5.77,2.22,7.17,—,—,—,—,—
9296,NP GR 10Y avg,0.0,0.0,0.0,0.0,0.0,0.0,0.0,0.0,0.0,0.0,0.0
9296,EPS GR,9.95,13.45,7.58,9.07,93.34,35.68,740.74,-63.01,-91.54,-0.38,—
9296,EPS GR 3Y avg,—,10.01,31.40,41.97,180.44,61.59,-35.94,-68.53,-53.65,12.90,—
9296,EPS GR 5Y avg,—,28.42,91.69,54.83,-7.16,-18.69,-20.91,-46.22,-32.82,5.31,—
9296,EPS GR 10Y avg,—,0.78,1.54,1.99,-1.12,1.45,—,—,—,—,—
9296,OCF GR,—,344.71,—,—,—,—,—,—,-73.92,118.73,—
9296,FCF GR,—,336.09,—,—,—,—,—,—,-77.42,118.59,—
9296,D/E,1.71,1.62,1.76,1.89,1.43,1.12,0.59,0.57,0.77,0.85,1.65
9296,Price,2.6000,2.6000,1.4900,1.6300,1.2300,1.7800,0.2850,0.3150,0.2800,0.2700,0.3200
9326,Year End,TTM,2020-04,2019-04,2018-04,2017-04,2016-04,2015-04,2014-04,2013-04,2012-04,2011-04
9326,Revenue,457,457,533,510,466,445,454,416,391,365,355
9326,NP,19,4,12,6,18,16,13,22,17,9,9
9326,EPS,0.08,0.02,0.05,0.02,0.07,0.06,0.05,0.09,0.07,0.03,0.04
9326,DPS,0.01,0.01,0.01,0.03,0.02,0.02,0.02,0.02,0.02,0.02,0.02
9326,Div Payout,12.8,23.9,27.2,79.1,22.1,39.7,29.7,19.8,38.5,51.0,—
9326,Shares,248,248,248,248,248,248,248,248,248,248,248
9326,BVPS,1.28,1.22,1.21,1.18,1.18,1.11,1.07,1.02,0.94,0.92,—
9326,OCF,-12,-27,26,-8,21,62,-4,51,34,17,26
9326,FCF,-15,-44,22,-26,1,45,-45,37,25,1,-20
9326,NP Margin,4.25,0.84,2.28,1.20,3.85,3.53,2.90,5.30,4.34,2.34,2.46
9326,ROE,6.25,1.31,4.14,2.07,6.24,5.73,5.01,8.84,7.24,3.92,4.28
9326,Revenue GR,15.12,-14.20,4.53,9.40,4.76,-2.12,9.15,6.56,7.03,2.75,—
9326,Revenue GR 3Y avg,—,-0.63,6.21,3.90,3.82,4.42,7.57,5.43,4.03,0.95,—
9326,Revenue GR 5Y avg,—,0.12,5.06,5.46,5.00,4.60,5.54,3.25,1.97,2.74,—
9326,Revenue GR 10Y avg,—,2.80,4.15,3.70,3.87,5.67,—,—,—,—,—
9326,NP GR,—,-40.18,-8.18,-22.68,-6.66,-2.51,15.63,36.11,10.57,3.29,—
9326,NP GR 3Y avg,—,-21.86,-11.23,-18.51,16.04,12.42,1.00,23.32,-3.50,-8.99,—
9326,NP GR 5Y avg,—,-11.16,4.63,-11.32,2.77,0.61,—,—,—,—,—
9326,NP GR 10Y avg,0.0,0.0,0.0,0.0,0.0,0.0,0.0,0.0,0.0,0.0,0.0
9326,EPS GR,248.26,-68.37,100.00,-66.07,14.06,19.21,-40.27,30.16,99.13,-2.56,—
9326,EPS GR 3Y avg,—,-40.12,-8.18,-22.73,-6.70,-2.50,15.68,36.18,10.59,3.21,—
9326,EPS GR 5Y avg,—,-21.83,-11.23,-18.54,16.05,12.45,1.01,23.30,-3.50,-9.01,—
9326,EPS GR 10Y avg,—,-11.14,4.62,-11.34,2.76,7.84,—,—,—,—,—
9326,OCF GR,—,—,—,—,-65.56,—,—,51.18,96.59,-33.06,—
9326,FCF GR,—,—,—,—,-98.84,—,—,50.98,—,—,—
9326,D/E,0.14,0.13,—,0.02,0.03,0.05,0.07,0.06,0.14,0.17,0.19
9326,Price,1.2000,1.2000,0.4000,0.5300,0.5900,0.7250,0.5300,0.5700,0.6700,0.3600,0.3800
9334,Year End,TTM,2020-07,2019-07,2018-07,2017-07,2016-07,2015-07,2014-07,2013-07,2012-07,2011-07
9334,Revenue,236,241,307,350,338,286,263,254,248,237,248
9334,NP,5,—,6,39,44,31,17,11,5,4,12
9334,EPS,0.11,—,0.14,0.92,1.02,0.71,0.40,0.25,0.10,0.10,0.28
9334,DPS,0.07,0.07,0.09,0.13,0.10,0.03,0.03,0.03,0.03,0.03,0.03
9334,Div Payout,68.3,68.7,51.8,6.8,3.3,3.9,9.7,15.5,—,30.9,11.0
9334,Shares,—,43,43,43,43,43,43,43,43,43,43
9334,BVPS,8.46,8.39,8.34,8.20,7.39,6.52,5.88,5.55,5.34,5.35,4.90
9334,OCF,33,87,88,78,101,88,77,66,56,67,60
9334,FCF,-6,74,62,36,-6,59,-1,-5,24,43,30
9334,NP Margin,1.99,0.04,2.04,11.25,13.02,10.74,6.47,4.28,1.85,1.76,4.99
9334,ROE,1.30,0.03,1.75,11.47,14.29,11.21,6.73,4.53,1.96,1.83,5.69
9334,Revenue GR,12.72,-21.60,-12.12,3.49,18.29,8.59,3.44,2.73,4.50,-4.50,9.56
9334,Revenue GR 3Y avg,—,-10.66,2.46,9.95,9.94,4.89,3.56,0.83,3.02,11.85,7.90
9334,Revenue GR 5Y avg,—,-1.74,3.86,7.15,7.36,2.86,3.05,8.48,4.63,2.48,8.88
9334,Revenue GR 10Y avg,—,0.62,6.14,5.88,4.89,5.83,—,—,—,—,—
9334,NP GR,—,-87.03,-41.08,32.19,59.30,88.67,59.96,-4.21,-27.00,-24.73,-26.08
9334,NP GR 3Y avg,—,-64.50,-10.43,53.81,60.27,19.90,7.71,2.21,-31.66,-27.26,-2.61
9334,NP GR 5Y avg,—,-38.16,-4.32,2.52,7.97,8.06,—,—,—,—,—
9334,NP GR 10Y avg,0.0,0.0,0.0,0.0,0.0,0.0,0.0,0.0,0.0,0.0,0.0
9334,EPS GR,-129.69,-98.63,-84.04,-10.56,43.48,80.05,56.52,138.68,9.28,-66.32,5.49
9334,EPS GR 3Y avg,—,-87.50,-41.06,32.20,59.31,88.77,59.82,-4.23,-27.05,-24.68,-25.41
9334,EPS GR 5Y avg,—,-65.27,-10.41,53.89,60.18,19.88,7.72,2.19,-31.33,-27.37,-2.69
9334,EPS GR 10Y avg,—,-38.84,-4.32,2.80,7.86,8.01,—,—,—,—,—
9334,OCF GR,—,-1.79,13.02,-22.96,14.73,13.85,17.90,16.46,-15.69,11.99,36.56
9334,FCF GR,—,19.02,70.90,—,—,—,—,—,-44.37,42.35,75.40
9334,D/E,0.02,0.01,0.04,0.13,0.11,0.03,0.13,0.15,0.16,0.15,0.26
9334,Price,12.1000,8.0600,7.6800,17.0000,15.7000,6.6600,4.2000,3.0200,1.8100,1.9000,2.1200
9369,Year End,TTM,2020-06,2019-06,2018-06,2017-06,2016-06,2015-06,2014-06,2013-06,2012-06,2011-06
9369,Revenue,95,87,114,89,93,100,102,105,110,107,109
9369,NP,5,2,6,5,5,5,4,8,8,8,9
9369,EPS,0.12,0.05,0.15,0.12,0.11,0.13,0.11,0.19,0.20,0.18,0.22
9369,DPS,0.03,0.05,0.05,0.05,0.07,0.07,0.07,0.10,0.10,0.15,0.15
9369,Div Payout,24.5,34.2,30.4,44.3,100.2,114.0,64.5,54.7,49.4,68.8,—
9369,Shares,41,41,41,41,41,41,41,41,41,41,40
9369,BVPS,2.27,2.18,2.11,2.00,1.94,1.93,1.95,1.90,1.79,1.66,—
9369,OCF,2,8,1,2,-1,7,5,-2,17,9,-3
9369,FCF,1,7,1,2,-1,6,4,-4,16,8,-4
9369,NP Margin,5.24,2.41,5.50,5.36,4.90,5.44,4.36,7.43,7.37,7.30,8.04
9369,ROE,5.49,2.35,7.15,5.65,5.54,6.82,5.69,10.46,11.66,11.86,14.23
9369,Revenue GR,37.70,-23.70,28.23,-4.00,-7.69,-1.28,-3.18,-4.64,3.22,-2.47,—
9369,Revenue GR 3Y avg,—,-2.06,4.35,-4.36,-4.09,-3.04,-1.59,-1.35,2.31,1.76,—
9369,Revenue GR 5Y avg,—,-3.06,1.67,-4.18,-2.78,-1.70,-0.22,0.73,1.84,4.60,—
9369,Revenue GR 10Y avg,—,-1.65,1.20,-1.21,0.84,3.04,—,—,—,—,—
9369,NP GR,—,-22.72,4.78,2.42,-16.50,-12.40,-17.11,-3.90,-3.86,4.88,—
9369,NP GR 3Y avg,—,-13.92,-4.26,-10.11,-10.22,-9.10,-13.46,2.93,-3.51,-1.38,—
9369,NP GR 5Y avg,—,-13.69,-0.73,-6.87,-5.90,22.24,—,—,—,—,—
9369,NP GR 10Y avg,0.0,0.0,0.0,0.0,0.0,0.0,0.0,0.0,0.0,0.0,0.0
9369,EPS GR,903.23,-66.62,31.74,4.94,-16.80,23.07,-43.16,-3.92,4.24,-12.31,—
9369,EPS GR 3Y avg,—,-22.73,4.77,2.42,-16.51,-12.40,-17.12,-4.23,-4.28,2.28,—
9369,EPS GR 5Y avg,—,-13.93,-4.26,-10.11,-10.23,-9.28,-13.69,1.40,91.02,95.45,—
9369,EPS GR 10Y avg,—,-13.81,-1.47,31.03,32.46,72.08,—,—,—,—,—
9369,OCF GR,—,556.35,-45.00,—,—,36.13,—,—,87.64,—,—
9369,FCF GR,—,—,-63.31,—,—,53.73,—,—,95.62,—,—
9369,D/E,0.08,0.08,—,—,—,—,—,—,—,0.03,0.05
9369,Price,1.3800,1.0800,1.0000,0.9700,1.4000,1.3000,1.3800,1.5400,1.5000,1.5000,1.5000
9385,Year End,TTM,2020-03,2019-03,2018-03,2017-03,2016-03,2015-03,2014-03,2013-03,2012-03,2011-03
9385,Revenue,897,840,797,848,676,646,672,579,521,492,423
9385,NP,7,3,7,37,18,3,19,7,-18,12,15
9385,EPS,0.01,0.01,0.01,0.04,0.02,0.01,0.04,0.01,-0.04,0.02,0.03
9385,DPS,0.01,0.01,0.01,0.01,0.01,—,0.01,—,0.01,0.01,—
9385,Div Payout,72.1,20.8,89.3,12.7,—,—,13.1,—,—,10.1,—
9385,Shares,—,660,837,751,758,531,504,506,505,502,501
9385,BVPS,0.52,0.52,0.49,0.48,0.44,0.27,0.26,0.23,0.24,0.25,—
9385,OCF,67,66,23,34,31,19,45,18,-2,14,25
9385,FCF,15,8,-30,-38,-20,-4,21,1,-38,-11,16
9385,NP Margin,0.77,0.40,0.91,4.33,2.70,0.42,2.77,1.24,-3.41,2.37,3.49
9385,ROE,2.03,1.01,2.23,12.36,7.05,1.44,14.52,6.18,-18.33,11.46,13.81
9385,Revenue GR,4.55,5.38,-6.01,25.42,4.67,-3.85,15.97,11.17,5.88,16.31,—
9385,Revenue GR 3Y avg,—,7.50,7.25,8.07,5.28,7.42,10.93,11.04,10.25,11.97,—
9385,Revenue GR 5Y avg,—,4.57,6.59,10.23,6.56,8.83,11.56,10.57,10.41,16.15,—
9385,Revenue GR 10Y avg,—,8.01,8.56,10.32,11.25,11.04,—,—,—,—,—
9385,NP GR,—,-42.90,38.64,25.40,36.62,—,16.92,-21.44,—,17.99,—
9385,NP GR 3Y avg,—,-28.83,0.30,—,9.41,-28.66,12.50,0.20,—,52.69,—
9385,NP GR 5Y avg,—,-10.52,0.25,38.62,29.25,-8.51,—,—,—,—,—
9385,NP GR 10Y avg,0.0,0.0,0.0,0.0,0.0,0.0,0.0,0.0,0.0,0.0,0.0
9385,EPS GR,170.83,-41.38,-82.17,102.49,378.17,-86.34,160.78,—,—,-21.37,—
9385,EPS GR 3Y avg,—,-40.41,19.96,9.77,19.42,—,16.76,-21.70,—,14.78,—
9385,EPS GR 5Y avg,—,-32.69,-9.27,—,0.78,-29.76,10.57,-1.59,—,48.41,—
9385,EPS GR 10Y avg,—,-13.73,-5.51,32.04,22.30,-10.80,—,—,—,—,—
9385,OCF GR,—,186.34,-32.67,9.80,60.70,-56.86,144.72,—,—,-44.77,—
9385,FCF GR,—,—,—,—,—,—,—,—,—,—,—
9385,D/E,0.28,0.32,0.29,0.27,0.15,0.13,0.27,0.35,0.30,0.18,0.22
9385,Price,0.3350,0.3350,0.3350,0.4450,0.9600,0.9050,9.3700,3.3900,1.8200,1.1500,1.8000
9423,Year End,TTM,2020-06,2019-06,2018-06,2017-06,2016-06,2015-06,2014-06,2013-06,2012-06,2011-06
9423,Revenue,71,85,102,105,101,92,95,89,86,82,96
9423,NP,1,3,5,7,6,7,3,—,—,-7,-3
9423,EPS,0.01,0.02,0.04,0.06,0.08,0.08,0.03,—,—,-0.09,-0.04
9423,DPS,0.01,0.01,0.01,0.01,0.02,0.01,—,—,—,—,—
9423,Div Payout,53.2,74.6,47.8,28.2,19.4,10.7,—,—,—,—,—
9423,Shares,126,126,126,117,85,85,85,85,85,85,85
9423,BVPS,0.67,0.67,0.66,0.64,0.66,0.58,0.50,0.49,0.49,0.50,—
9423,OCF,5,5,13,-2,8,11,6,2,5,8,7
9423,FCF,4,5,12,-5,8,1,5,1,5,7,7
9423,NP Margin,1.69,3.04,5.11,6.24,6.40,7.54,3.04,0.15,-0.41,-9.06,-3.42
9423,ROE,1.43,3.02,6.22,9.54,12.03,14.49,6.65,0.32,-0.83,-16.98,-7.17
9423,Revenue GR,11.82,-16.39,-3.66,4.67,9.05,-3.05,7.16,3.11,5.55,-15.29,—
9423,Revenue GR 3Y avg,—,-5.53,3.22,3.43,4.25,2.32,5.26,-2.68,-5.21,-7.44,—
9423,Revenue GR 5Y avg,—,-2.28,2.70,4.10,4.27,-0.86,-1.21,-2.91,-4.82,-4.24,—
9423,Revenue GR 10Y avg,—,-1.74,-0.14,-0.46,-0.08,0.30,—,—,—,—,—
9423,NP GR,—,-26.33,-9.36,31.41,262.57,—,—,—,—,—,—
9423,NP GR 3Y avg,—,-2.31,107.39,—,—,—,—,4.71,—,—,—
9423,NP GR 5Y avg,—,—,47.37,40.87,23.84,—,—,—,—,—,—
9423,NP GR 10Y avg,0.0,0.0,0.0,0.0,0.0,0.0,0.0,0.0,0.0,0.0,0.0
9423,EPS GR,-79.28,-50.37,-27.13,-25.41,-7.43,140.55,—,—,—,—,—
9423,EPS GR 3Y avg,—,-35.38,-20.46,18.42,263.11,—,—,—,—,—,—
9423,EPS GR 5Y avg,—,-9.69,91.90,—,—,—,—,4.63,—,—,—
9423,EPS GR 10Y avg,—,—,41.70,36.54,23.85,—,—,—,—,—,—
9423,OCF GR,—,-59.46,—,—,-25.92,73.93,286.19,-67.90,-33.41,7.24,—
9423,FCF GR,—,-60.81,—,—,486.89,-73.27,521.24,-83.76,-32.80,8.33,—
9423,D/E,0.01,0.02,0.02,0.04,0.09,0.11,0.06,0.05,0.01,0.01,0.03
9423,Price,0.3900,0.2950,0.4050,0.4800,1.4000,1.2000,0.4700,0.4400,0.3900,0.4100,0.3900
9466,Year End,TTM,2020-12,2019-12,2018-12,2017-12,2016-12,2015-12,2014-12,2013-12,2012-12,2011-12
9466,Revenue,399,408,559,412,209,103,128,202,229,167,234
9466,NP,20,18,48,18,2,-6,26,21,33,20,47
9466,EPS,0.08,0.07,0.18,0.07,0.01,-0.02,0.10,0.08,0.13,0.08,0.18
9466,DPS,0.06,0.06,0.04,0.02,—,0.04,0.04,0.05,0.07,0.05,0.17
9466,Div Payout,75.9,37.0,28.9,33.6,—,—,26.9,123.9,34.1,62.9,67.0
9466,Shares,258,258,258,258,258,258,258,258,258,258,258
9466,BVPS,1.35,1.33,1.23,1.13,1.09,1.12,1.18,1.08,1.09,1.00,0.91
9466,OCF,99,59,-15,59,-28,7,68,82,16,45,-10
9466,FCF,84,40,-37,50,-33,2,64,73,-13,20,-19
9466,NP Margin,5.11,4.34,8.53,4.28,0.77,-5.61,20.35,10.38,14.62,12.29,19.88
9466,ROE,5.89,5.24,14.99,6.02,0.56,-1.97,8.87,7.45,12.47,8.08,19.28
9466,Revenue GR,-7.82,-27.07,35.59,97.08,102.98,-19.39,-36.68,-11.74,37.29,-28.90,-12.71
9466,Revenue GR 3Y avg,—,24.91,75.70,47.74,1.19,-23.34,-8.45,-4.85,-5.20,-1.89,24.53
9466,Revenue GR 5Y avg,—,26.10,22.59,12.50,4.66,-15.15,-13.79,2.73,13.52,4.05,19.50
9466,Revenue GR 10Y avg,—,4.26,12.22,13.01,4.35,0.69,—,—,—,—,—
9466,NP GR,—,122.41,—,-12.16,-57.51,—,8.30,-23.38,-24.22,-17.45,62.36
9466,NP GR 3Y avg,—,-7.43,17.86,-12.01,-39.89,—,-19.48,-10.46,25.17,7.01,31.35
9466,NP GR 5Y avg,—,-13.67,2.73,4.94,-19.80,—,—,—,—,—,—
9466,NP GR 10Y avg,0.0,0.0,0.0,0.0,0.0,0.0,0.0,0.0,0.0,0.0,0.0
9466,EPS GR,39.25,-62.92,170.47,—,—,—,24.23,-37.37,63.27,-56.03,-39.39
9466,EPS GR 3Y avg,—,122.83,—,-12.18,-57.59,—,8.31,-23.39,-24.22,-43.98,7.41
9466,EPS GR 5Y avg,—,-7.44,17.87,-12.03,-39.96,—,-19.47,-29.05,-2.31,-19.62,-1.77
9466,EPS GR 10Y avg,—,-13.67,-8.55,-7.30,-30.53,—,—,—,—,—,—
9466,OCF GR,—,—,—,—,—,-90.17,-17.16,395.73,-63.75,—,—
9466,FCF GR,—,—,—,—,—,-96.27,-12.13,—,—,—,—
9466,D/E,—,—,—,—,—,0.02,0.02,0.03,0.03,0.03,0.01
9466,Price,1.4800,1.7500,1.4900,0.8750,0.9500,1.3300,1.6400,1.5000,2.6700,1.4400,1.7000
9571,Year End,TTM,2020-12,2019-12,2018-12,2017-12,2016-12,2015-12,2014-12,2013-12,2012-12,2011-12
9571,Revenue,340,359,601,838,"1,164",966,891,520,338,251,262
9571,NP,12,11,-47,45,80,119,87,54,29,18,41
9571,EPS,0.01,0.01,-0.05,0.05,0.08,0.15,0.11,0.09,0.05,0.03,0.07
9571,DPS,—,—,0.01,0.02,0.05,0.05,0.03,0.01,0.01,0.03,0.03
9571,Div Payout,—,—,—,33.6,35.2,39.6,30.5,15.4,29.2,110.1,24.1
9571,Shares,834,848,890,860,809,808,797,616,617,617,604
9571,BVPS,0.86,0.85,0.82,0.88,0.93,0.82,0.70,0.61,0.55,0.53,0.48
9571,OCF,77,159,134,-55,44,44,15,7,23,25,50
9571,FCF,77,159,125,-63,-91,15,-20,1,16,17,42
9571,NP Margin,3.56,2.97,-7.81,5.35,6.90,12.28,9.72,10.34,8.66,7.16,15.58
9571,ROE,1.72,1.50,-6.25,6.09,12.30,21.21,19.35,14.45,8.60,5.42,13.04
9571,Revenue GR,-18.27,-40.30,-28.35,-27.98,20.50,8.47,71.23,53.71,35.08,-4.31,-21.10
9571,Revenue GR 3Y avg,—,-32.46,-14.65,-2.00,30.80,41.86,52.62,25.71,0.66,-8.43,10.27
9571,Revenue GR 5Y avg,—,-16.64,2.92,19.89,35.97,29.84,21.83,9.77,11.63,-4.26,-0.60
9571,Revenue GR 10Y avg,—,0.78,6.29,15.69,14.10,13.61,—,—,—,—,—
9571,NP GR,—,-48.99,—,-19.67,14.33,59.38,69.02,9.64,-16.23,-24.22,159.96
9571,NP GR 3Y avg,—,-34.22,—,8.89,34.98,23.81,11.66,5.47,66.05,17.09,41.81
9571,NP GR 5Y avg,—,-14.30,—,34.47,25.72,32.50,—,—,—,—,—
9571,NP GR 10Y avg,0.0,0.0,0.0,0.0,0.0,0.0,0.0,0.0,0.0,0.0,0.0
9571,EPS GR,-59.26,—,—,-47.48,-32.38,35.34,24.49,83.58,63.66,-57.01,-42.65
9571,EPS GR 3Y avg,—,-49.77,—,-21.67,4.44,45.70,55.22,8.91,-26.10,-32.77,135.46
9571,EPS GR 5Y avg,—,-35.00,—,1.90,27.90,16.83,-1.61,-1.80,55.82,10.36,35.25
9571,EPS GR 10Y avg,—,-20.03,—,26.00,18.81,25.70,—,—,—,—,—
9571,OCF GR,—,18.74,—,—,-1.08,186.74,104.77,-67.62,-7.88,-49.74,26.53
9571,FCF GR,—,27.37,—,—,—,—,—,-95.16,-6.25,-58.39,13.06
9571,D/E,0.03,0.03,0.06,0.07,0.06,0.06,0.04,0.05,0.05,0.07,0.09
9571,Price,0.3350,0.2750,0.2850,0.2800,0.9700,1.2600,1.2000,0.9800,0.5050,0.4300,0.4700
9598,Year End,TTM,2020-06,2019-06,2018-06,2017-06,2016-06,2015-06,2014-06,2013-06,2012-06,2011-06
9598,Revenue,297,374,316,96,194,137,243,202,173,185,126
9598,NP,51,32,26,16,36,18,52,54,52,36,32
9598,EPS,0.30,0.19,0.16,0.09,0.22,0.10,0.32,0.34,0.33,0.28,0.20
9598,DPS,0.10,0.16,0.20,0.20,0.20,0.19,0.16,0.14,0.11,0.13,0.07
9598,Div Payout,32.3,74.4,246.9,217.4,85.8,122.4,39.6,40.4,42.2,37.0,—
9598,Shares,166,166,166,165,164,163,163,161,160,160,160
9598,BVPS,2.19,1.97,1.90,2.00,2.11,2.06,2.09,1.88,1.67,1.44,—
9598,OCF,97,72,27,29,46,25,70,63,49,55,24
9598,FCF,82,32,3,28,34,22,41,29,41,34,-6
9598,NP Margin,17.32,8.48,8.27,16.25,18.71,12.99,21.37,26.86,30.27,19.35,25.77
9598,ROE,14.90,9.87,8.12,4.66,10.79,5.25,15.90,18.76,20.58,15.67,15.83
9598,Revenue GR,-24.20,18.41,230.63,-50.71,41.54,-43.67,20.35,16.81,-6.66,47.04,—
9598,Revenue GR 3Y avg,—,24.50,32.13,-26.75,-1.37,-7.48,9.48,17.04,17.80,12.43,—
9598,Revenue GR 5Y avg,—,9.00,9.36,-11.19,0.91,1.68,18.11,9.16,0.88,4.66,—
9598,Revenue GR 10Y avg,—,13.46,9.26,-5.35,2.77,3.56,—,—,—,—,—
9598,NP GR,—,-4.38,13.64,-33.14,-12.57,-30.21,13.17,18.67,36.13,46.18,—
9598,NP GR 3Y avg,—,-9.40,-13.61,-21.58,0.23,-11.33,20.15,36.44,17.04,8.26,—
9598,NP GR 5Y avg,—,4.33,8.57,-4.20,4.17,5.38,—,—,—,—,—
9598,NP GR 10Y avg,0.0,0.0,0.0,0.0,0.0,0.0,0.0,0.0,0.0,0.0,0.0
9598,EPS GR,—,21.66,67.02,-57.47,102.75,-65.83,-5.62,3.52,45.92,10.49,—
9598,EPS GR 3Y avg,—,-4.75,12.93,-33.46,-13.21,-30.63,12.55,18.62,36.10,46.27,—
9598,EPS GR 5Y avg,—,-9.75,-14.22,-22.04,-0.25,-11.65,19.76,36.43,16.99,8.25,—
9598,EPS GR 10Y avg,—,3.96,8.18,-4.50,3.92,5.22,—,—,—,—,—
9598,OCF GR,—,163.21,-4.22,-37.98,85.38,-64.53,10.70,28.95,-10.08,124.18,—
9598,FCF GR,—,—,-90.20,-17.80,52.04,-45.19,40.73,-28.45,18.37,—,—
9598,D/E,0.09,0.10,0.06,—,—,—,—,—,—,—,—
9598,Price,2.6100,2.6000,2.4300,2.6100,4.1000,3.4600,3.7700,4.4000,4.8200,2.6900,2.3500
