code,detail,TTM,Y1,Y2,Y3,Y4,Y5,Y6,Y7,Y8,Y9,Y10
0177,Year End,TTM,2020-12,2019-12,2018-12,2017-12,2016-12,2015-12,2014-12,2013-12,2012-12,2011-12
0177,Revenue,29,11,29,97,37,60,68,41,41,39,26
0177,NP,-36,-39,-11,-7,1,-6,1,-4,1,3,1
0177,EPS,-0.22,-0.23,-0.07,-0.05,—,-0.10,0.01,-0.06,0.02,0.06,0.03
0177,DPS,—,—,—,—,—,—,—,—,—,—,—
0177,Div Payout,—,—,—,—,—,—,—,—,—,—,—
0177,Shares,196,168,158,157,130,62,70,70,70,56,48
0177,BVPS,0.25,0.28,0.44,0.50,0.52,0.38,0.45,0.45,0.49,0.47,—
0177,OCF,-15,2,-5,-26,-37,-4,-4,-9,-3,2,7
0177,FCF,-16,1,-10,-26,-37,-5,-4,-9,-4,-3,-1
0177,NP Margin,-123.22,-358.83,-37.53,-7.46,1.65,-10.11,1.32,-10.40,3.11,8.89,5.01
0177,ROE,-51.58,-65.11,-15.85,-9.30,1.03,-18.35,3.00,-13.57,3.88,13.35,6.63
0177,Revenue GR,1328.83,-62.66,-70.13,164.18,-38.96,-11.34,64.90,0.02,6.56,50.09,—
0177,Revenue GR 3Y avg,—,-33.46,-21.61,12.65,-3.72,13.50,20.68,16.95,—,—,—
0177,Revenue GR 5Y avg,—,-30.73,-6.77,18.72,-1.00,18.52,—,—,—,—,—
0177,Revenue GR 10Y avg,—,—,—,—,—,—,—,—,—,—,—
0177,NP GR,—,—,—,—,—,—,-36.15,—,—,—,—
0177,NP GR 3Y avg,—,—,—,—,-29.34,—,—,—,—,—,—
0177,NP GR 5Y avg,—,—,—,—,—,—,—,—,—,—,—
0177,NP GR 10Y avg,0.0,0.0,0.0,0.0,0.0,0.0,0.0,0.0,0.0,0.0,0.0
0177,EPS GR,-106.67,—,—,—,—,—,—,—,-69.66,130.16,—
0177,EPS GR 3Y avg,—,—,—,—,—,—,-40.86,—,—,—,—
0177,EPS GR 5Y avg,—,—,—,—,-40.36,—,—,—,—,—,—
0177,EPS GR 10Y avg,—,—,—,—,—,—,—,—,—,—,—
0177,OCF GR,—,—,—,—,—,—,—,—,—,-70.63,—
0177,FCF GR,—,—,—,—,—,—,—,—,—,—,—
0177,D/E,0.17,0.26,0.26,0.14,0.15,0.01,—,—,0.01,—,—
0177,Price,0.0300,0.0700,0.0350,0.0550,0.1450,0.1500,0.1900,0.2400,0.1650,0.3100,0.0000
0178,Year End,TTM,2020-12,2019-12,2018-12,2017-12,2016-12,2015-12,2014-12,2013-12,2012-12,2011-12
0178,Revenue,23,8,15,12,27,14,9,11,—,—,—
0178,NP,-6,-12,2,-4,2,-2,2,6,—,—,—
0178,EPS,-0.02,-0.05,0.01,-0.02,0.01,-0.01,0.01,0.10,—,—,—
0178,DPS,—,—,—,—,0.01,0.02,—,—,—,—,—
0178,Div Payout,—,—,—,—,142.9,—,—,—,—,—,—
0178,Shares,278,264,243,227,212,200,175,66,—,—,—
0178,BVPS,0.06,0.11,0.13,0.14,0.14,0.18,0.21,—,—,—,—
0178,OCF,-3,-5,-2,-2,-3,-8,2,4,—,—,—
0178,FCF,-3,-5,-2,-2,-4,-9,—,2,—,—,—
0178,NP Margin,-26.38,-143.94,16.05,-35.30,5.74,-14.97,21.22,56.35,—,—,—
0178,ROE,-23.95,-40.52,8.60,-14.76,4.55,-5.58,5.99,30.34,—,—,—
0178,Revenue GR,514.62,-46.18,25.53,-54.78,91.25,63.98,-24.20,—,—,—,—
0178,Revenue GR 3Y avg,—,-32.65,2.78,12.35,33.46,—,—,—,—,—,—
0178,Revenue GR 5Y avg,—,-0.85,6.18,—,—,—,—,—,—,—,—
0178,Revenue GR 10Y avg,—,—,—,—,—,—,—,—,—,—,—
0178,NP GR,—,—,—,—,-37.67,—,—,—,—,—,—
0178,NP GR 3Y avg,—,—,-17.41,—,—,—,—,—,—,—,—
0178,NP GR 5Y avg,—,—,—,—,—,—,—,—,—,—,—
0178,NP GR 10Y avg,0.0,0.0,0.0,0.0,0.0,0.0,0.0,0.0,0.0,0.0,0.0
0178,EPS GR,-290.41,—,—,—,—,—,-90.00,—,—,—,—
0178,EPS GR 3Y avg,—,—,—,—,-58.02,—,—,—,—,—,—
0178,EPS GR 5Y avg,—,—,-36.65,—,—,—,—,—,—,—,—
0178,EPS GR 10Y avg,—,—,—,—,—,—,—,—,—,—,—
0178,OCF GR,—,—,—,—,—,—,-49.04,—,—,—,—
0178,FCF GR,—,—,—,—,—,—,-92.27,—,—,—,—
0178,D/E,0.11,0.03,0.03,0.04,0.02,0.02,0.02,—,—,—,—
0178,Price,0.1550,0.1450,0.2000,0.1000,0.3250,0.2900,0.4350,0.0000,0.0,0.0,0.0
0179,Year End,TTM,2020-12,2019-12,2018-12,2017-12,2016-12,2015-12,2014-12,2013-12,2012-12,2011-12
0179,Revenue,55,36,64,70,56,47,30,27,25,—,—
0179,NP,-34,-41,8,12,8,8,7,6,6,—,—
0179,EPS,-0.03,-0.04,0.01,0.01,0.01,0.01,0.01,0.01,0.02,—,—
0179,DPS,—,—,—,—,—,—,—,—,—,—,—
0179,Div Payout,—,—,—,16.3,—,5.3,—,—,—,—,—
0179,Shares,"1,039",977,862,950,936,666,606,492,384,—,—
0179,BVPS,0.14,0.15,0.19,0.17,0.16,0.14,0.12,—,—,—,—
0179,OCF,-9,-8,16,10,20,1,3,6,5,—,—
0179,FCF,-22,-20,-9,-15,-8,-13,-12,-5,-9,—,—
0179,NP Margin,-62.41,-112.85,13.06,16.53,14.07,18.01,22.87,23.72,25.62,—,—
0179,ROE,-21.22,-25.21,5.15,7.91,6.74,9.59,10.19,12.51,12.99,—,—
0179,Revenue GR,279.41,-42.73,-9.16,25.35,18.66,58.55,9.61,10.36,—,—,—
0179,Revenue GR 3Y avg,—,-13.28,10.55,33.11,27.29,24.24,—,—,—,—,—
0179,Revenue GR 5Y avg,—,4.17,18.62,23.33,—,—,—,—,—,—,—
0179,Revenue GR 10Y avg,—,—,—,—,—,—,—,—,—,—,—
0179,NP GR,—,—,-0.69,19.46,6.93,10.48,—,—,—,—,—
0179,NP GR 3Y avg,—,—,5.27,12.98,—,—,—,—,—,—,—
0179,NP GR 5Y avg,—,—,—,—,—,—,—,—,—,—,—
0179,NP GR 10Y avg,0.0,0.0,0.0,0.0,0.0,0.0,0.0,0.0,0.0,0.0,0.0
0179,EPS GR,-118.74,—,-20.49,45.24,-34.38,11.40,-12.43,-20.27,—,—,—
0179,EPS GR 3Y avg,—,—,-8.83,2.02,-13.81,-8.03,—,—,—,—,—
0179,EPS GR 5Y avg,—,—,-5.86,-5.81,—,—,—,—,—,—,—
0179,EPS GR 10Y avg,—,—,—,—,—,—,—,—,—,—,—
0179,OCF GR,—,—,58.59,-49.16,—,-43.27,-53.15,8.23,—,—,—
0179,FCF GR,—,—,—,—,—,—,—,—,—,—,—
0179,D/E,0.05,0.05,0.06,0.03,0.02,0.03,0.01,0.05,0.06,—,—
0179,Price,0.2300,0.2800,0.1850,0.2100,0.2500,0.2050,0.3150,0.0000,0.0000,0.0,0.0
0180,Year End,TTM,2020-06,2019-06,2018-06,2017-06,2016-06,2015-06,2014-06,2013-06,2012-06,2011-06
0180,Revenue,664,640,625,459,429,341,141,—,—,—,—
0180,NP,4,3,11,-8,1,2,4,—,—,—,—
0180,EPS,0.01,0.01,0.02,-0.02,—,—,0.01,—,—,—,—
0180,DPS,—,—,—,—,—,—,—,—,—,—,—
0180,Div Payout,—,—,—,—,—,—,—,—,—,—,—
0180,Shares,647,527,670,670,670,613,385,—,—,—,—
0180,BVPS,0.18,0.17,0.21,0.16,0.17,—,—,—,—,—,—
0180,OCF,74,23,4,-25,-33,-48,23,—,—,—,—
0180,FCF,72,22,1,-29,-39,-50,22,—,—,—,—
0180,NP Margin,0.64,0.52,1.79,-1.77,0.26,0.54,2.55,—,—,—,—
0180,ROE,3.66,3.39,15.87,-10.94,1.42,3.62,9.83,—,—,—,—
0180,Revenue GR,8.11,2.47,36.09,7.15,25.63,142.33,—,—,—,—,—
0180,Revenue GR 3Y avg,—,14.33,22.36,48.31,—,—,—,—,—,—,—
0180,Revenue GR 5Y avg,—,35.39,—,—,—,—,—,—,—,—,—
0180,Revenue GR 10Y avg,—,—,—,—,—,—,—,—,—,—,—
0180,NP GR,—,43.64,82.00,—,—,—,—,—,—,—,—
0180,NP GR 3Y avg,—,-1.63,—,—,—,—,—,—,—,—,—
0180,NP GR 5Y avg,—,—,—,—,—,—,—,—,—,—,—
0180,NP GR 10Y avg,0.0,0.0,0.0,0.0,0.0,0.0,0.0,0.0,0.0,0.0,0.0
0180,EPS GR,25.00,-62.28,—,—,-43.33,-67.74,—,—,—,—,—
0180,EPS GR 3Y avg,—,54.75,77.23,—,—,—,—,—,—,—,—
0180,EPS GR 5Y avg,—,-7.49,—,—,—,—,—,—,—,—,—
0180,EPS GR 10Y avg,—,—,—,—,—,—,—,—,—,—,—
0180,OCF GR,—,444.84,—,—,—,—,—,—,—,—,—
0180,FCF GR,—,—,—,—,—,—,—,—,—,—,—
0180,D/E,0.17,0.19,0.24,0.35,0.22,0.16,0.20,—,—,—,—
0180,Price,0.1650,0.1950,0.1550,0.1300,0.2600,0.3050,0.0000,0.0,0.0,0.0,0.0
0181,Year End,TTM,2020-09,2019-09,2018-09,2017-09,2016-09,2015-09,2014-09,2013-09,2012-09,2011-09
0181,Revenue,40,19,29,37,40,22,33,—,—,—,—
0181,NP,5,-4,-3,5,8,-3,9,—,—,—,—
0181,EPS,0.01,-0.01,-0.01,0.01,0.01,—,0.02,—,—,—,—
0181,DPS,—,—,—,—,—,—,—,—,—,—,—
0181,Div Payout,—,—,133.3,—,—,—,—,—,—,—,—
0181,Shares,581,552,549,549,549,549,443,—,—,—,—
0181,BVPS,0.17,0.12,0.14,0.14,0.13,0.12,—,—,—,—,—
0181,OCF,-3,-1,-5,2,-4,-8,8,—,—,—,—
0181,FCF,-16,-15,-15,—,-6,-10,6,—,—,—,—
0181,NP Margin,12.07,-18.70,-11.15,14.33,18.85,-12.44,27.82,—,—,—,—
0181,ROE,5.47,-4.11,-4.22,6.99,10.90,-4.09,13.29,—,—,—,—
0181,Revenue GR,493.52,-33.00,-21.98,-7.76,82.26,-32.55,—,—,—,—,—
0181,Revenue GR 3Y avg,—,-21.58,9.46,4.28,—,—,—,—,—,—,—
0181,Revenue GR 5Y avg,—,-9.93,—,—,—,—,—,—,—,—,—
0181,Revenue GR 10Y avg,—,—,—,—,—,—,—,—,—,—,—
0181,NP GR,—,—,—,-16.41,—,—,—,—,—,—,—
0181,NP GR 3Y avg,—,—,—,—,—,—,—,—,—,—,—
0181,NP GR 5Y avg,—,—,—,—,—,—,—,—,—,—,—
0181,NP GR 10Y avg,0.0,0.0,0.0,0.0,0.0,0.0,0.0,0.0,0.0,0.0,0.0
0181,EPS GR,-170.59,—,—,-29.51,—,—,—,—,—,—,—
0181,EPS GR 3Y avg,—,—,—,-22.05,—,—,—,—,—,—,—
0181,EPS GR 5Y avg,—,—,—,—,—,—,—,—,—,—,—
0181,EPS GR 10Y avg,—,—,—,—,—,—,—,—,—,—,—
0181,OCF GR,—,—,—,—,—,—,—,—,—,—,—
0181,FCF GR,—,—,—,—,—,—,—,—,—,—,—
0181,D/E,0.17,0.13,0.06,0.02,0.03,—,—,—,—,—,—
0181,Price,0.8050,0.6250,0.2700,0.3550,0.6050,0.2600,0.4950,0.0000,0.0,0.0,0.0
0182,Year End,TTM,2020-04,2019-04,2018-04,2017-04,2016-04,2015-04,2014-04,2013-04,2012-04,2011-04
0182,Revenue,62,55,37,30,34,37,39,—,—,—,—
0182,NP,3,4,-2,-1,4,3,6,—,—,—,—
0182,EPS,0.01,0.01,-0.01,—,0.01,0.01,0.02,—,—,—,—
0182,DPS,—,—,—,—,—,—,—,—,—,—,—
0182,Div Payout,—,—,—,250.0,—,—,—,—,—,—,—
0182,Shares,435,429,429,429,425,316,316,—,—,—,—
0182,BVPS,0.21,0.13,0.14,0.14,0.14,—,—,—,—,—,—
0182,OCF,-5,-7,1,-2,3,7,7,—,—,—,—
0182,FCF,-14,-9,—,-9,-4,6,—,—,—,—,—
0182,NP Margin,5.52,7.82,-6.72,-3.70,13.21,8.81,15.27,—,—,—,—
0182,ROE,3.91,7.37,-4.35,-1.85,9.44,9.85,19.04,—,—,—,—
0182,Revenue GR,-13.97,47.80,25.12,-12.32,-8.76,-4.84,—,—,—,—,—
0182,Revenue GR 3Y avg,—,17.48,0.03,-8.69,—,—,—,—,—,—,—
0182,Revenue GR 5Y avg,—,7.08,—,—,—,—,—,—,—,—,—
0182,Revenue GR 10Y avg,—,—,—,—,—,—,—,—,—,—,—
0182,NP GR,—,-1.36,—,—,—,—,—,—,—,—,—
0182,NP GR 3Y avg,—,-6.34,—,—,—,—,—,—,—,—,—
0182,NP GR 5Y avg,—,—,—,—,—,—,—,—,—,—,—
0182,NP GR 10Y avg,0.0,0.0,0.0,0.0,0.0,0.0,0.0,0.0,0.0,0.0,0.0
0182,EPS GR,-92.86,—,—,—,0.96,-44.97,—,—,—,—,—
0182,EPS GR 3Y avg,—,-1.61,—,—,—,—,—,—,—,—,—
0182,EPS GR 5Y avg,—,-11.95,—,—,—,—,—,—,—,—,—
0182,EPS GR 10Y avg,—,—,—,—,—,—,—,—,—,—,—
0182,OCF GR,—,—,—,—,-61.71,-5.21,—,—,—,—,—
0182,FCF GR,—,—,—,—,—,—,—,—,—,—,—
0182,D/E,0.06,0.08,0.10,0.11,0.13,0.24,0.27,—,—,—,—
0182,Price,0.8200,0.3550,0.1150,0.1500,0.2700,0.0000,0.0000,0.0,0.0,0.0,0.0
0185,Year End,TTM,2020-12,2019-12,2018-12,2017-12,2016-12,2015-12,2014-12,2013-12,2012-12,2011-12
0185,Revenue,172,170,148,190,146,139,122,—,—,—,—
0185,NP,11,11,1,-103,15,14,10,—,—,—,—
0185,EPS,0.02,0.02,—,-0.22,0.04,0.05,0.04,—,—,—,—
0185,DPS,—,—,—,0.01,0.01,—,—,—,—,—,—
0185,Div Payout,—,—,—,13.4,11.9,—,—,—,—,—,—
0185,Shares,496,496,496,465,347,291,263,—,—,—,—
0185,BVPS,0.46,0.45,0.43,0.67,0.26,—,—,—,—,—,—
0185,OCF,22,20,12,9,7,3,5,—,—,—,—
0185,FCF,22,19,12,8,6,2,3,—,—,—,—
0185,NP Margin,6.14,6.38,0.80,-54.21,10.32,10.08,8.34,—,—,—,—
0185,ROE,4.76,4.94,0.55,-68.08,17.90,24.45,28.20,—,—,—,—
0185,Revenue GR,4.40,14.51,-21.75,30.24,4.79,14.40,—,—,—,—,—
0185,Revenue GR 3Y avg,—,5.28,2.22,16.01,—,—,—,—,—,—,—
0185,Revenue GR 5Y avg,—,6.95,—,—,—,—,—,—,—,—,—
0185,Revenue GR 10Y avg,—,—,—,—,—,—,—,—,—,—,—
0185,NP GR,—,-10.31,-56.13,—,—,—,—,—,—,—,—
0185,NP GR 3Y avg,—,1.36,—,—,—,—,—,—,—,—,—
0185,NP GR 5Y avg,—,—,—,—,—,—,—,—,—,—,—
0185,NP GR 10Y avg,0.0,0.0,0.0,0.0,0.0,0.0,0.0,0.0,0.0,0.0,0.0
0185,EPS GR,-13.04,812.50,—,—,-5.23,25.19,—,—,—,—,—
0185,EPS GR 3Y avg,—,-21.73,-63.21,—,—,—,—,—,—,—,—
0185,EPS GR 5Y avg,—,-10.67,—,—,—,—,—,—,—,—,—
0185,EPS GR 10Y avg,—,—,—,—,—,—,—,—,—,—,—
0185,OCF GR,—,66.42,27.53,31.94,147.62,-40.74,—,—,—,—,—
0185,FCF GR,—,65.37,37.95,30.61,226.32,-39.33,—,—,—,—,—
0185,D/E,0.21,0.22,0.25,0.32,0.01,0.01,0.03,—,—,—,—
0185,Price,0.5750,0.6550,0.8450,0.8600,1.4800,0.3950,0.0000,0.0,0.0,0.0,0.0
0191,Year End,TTM,2020-12,2019-12,2018-12,2017-12,2016-12,2015-12,2014-12,2013-12,2012-12,2011-12
0191,Revenue,44,42,69,47,52,51,40,34,—,—,—
0191,NP,-4,-5,2,5,5,6,6,4,—,—,—
0191,EPS,-0.02,-0.03,0.01,0.03,0.04,0.04,0.03,0.02,—,—,—
0191,DPS,—,—,0.01,0.01,—,—,—,—,—,—,—
0191,Div Payout,—,—,31.5,32.9,—,—,—,—,—,—,—
0191,Shares,179,179,179,155,122,179,179,179,—,—,—
0191,BVPS,0.24,0.26,0.27,0.25,0.24,—,—,—,—,—,—
0191,OCF,2,—,1,1,—,1,3,3,—,—,—
0191,FCF,2,—,-2,-1,-1,1,2,3,—,—,—
0191,NP Margin,-10.07,-10.70,3.52,10.01,10.01,12.61,14.57,11.96,—,—,—
0191,ROE,-9.68,-9.86,5.10,10.45,13.14,25.29,49.63,45.73,—,—,—
0191,Revenue GR,14.38,-38.78,45.99,-9.85,2.93,28.42,16.22,—,—,—,—
0191,Revenue GR 3Y avg,—,-6.95,10.65,6.02,15.39,—,—,—,—,—,—
0191,Revenue GR 5Y avg,—,1.27,15.12,—,—,—,—,—,—,—,—
0191,Revenue GR 10Y avg,—,—,—,—,—,—,—,—,—,—,—
0191,NP GR,—,—,-27.71,-6.46,8.72,—,—,—,—,—,—
0191,NP GR 3Y avg,—,—,-9.88,—,—,—,—,—,—,—,—
0191,NP GR 5Y avg,—,—,—,—,—,—,—,—,—,—,—
0191,NP GR 10Y avg,0.0,0.0,0.0,0.0,0.0,0.0,0.0,0.0,0.0,0.0,0.0
0191,EPS GR,-133.33,—,-55.74,-2.47,-12.79,11.11,41.57,—,—,—,—
0191,EPS GR 3Y avg,—,—,-27.79,-1.87,11.11,—,—,—,—,—,—
0191,EPS GR 5Y avg,—,—,-9.95,—,—,—,—,—,—,—,—
0191,EPS GR 10Y avg,—,—,—,—,—,—,—,—,—,—,—
0191,OCF GR,—,-98.81,132.61,91.72,-74.32,-50.51,-15.14,—,—,—,—
0191,FCF GR,—,—,—,—,—,-65.79,-21.82,—,—,—,—
0191,D/E,0.13,0.13,0.11,0.05,0.05,0.05,0.15,0.32,—,—,—
0191,Price,0.2450,0.2600,0.2300,0.2200,0.6500,0.0000,0.0,0.0,0.0,0.0,0.0
0195,Year End,TTM,2020-06,2019-06,2018-06,2017-06,2016-06,2015-06,2014-06,2013-06,2012-06,2011-06
0195,Revenue,48,45,55,57,55,46,39,32,—,—,—
0195,NP,2,3,5,9,10,7,5,3,—,—,—
0195,EPS,0.01,0.01,0.02,0.04,0.06,0.04,0.03,0.02,—,—,—
0195,DPS,—,—,0.01,0.01,—,—,—,—,—,—,—
0195,Div Payout,—,—,16.0,—,—,—,—,—,—,—,—
0195,Shares,272,262,260,217,260,260,260,260,—,—,—
0195,BVPS,0.31,0.30,0.29,0.26,—,—,—,—,—,—,—
0195,OCF,4,8,—,5,7,3,—,13,—,—,—
0195,FCF,-9,-4,-4,3,7,2,-1,12,—,—,—
0195,NP Margin,4.57,6.43,8.91,15.84,18.39,15.44,11.99,10.60,—,—,—
0195,ROE,2.62,3.81,6.70,13.67,25.45,46.41,41.15,36.93,—,—,—
0195,Revenue GR,-0.59,-16.83,-4.50,5.03,17.41,17.75,23.94,—,—,—,—
0195,Revenue GR 3Y avg,—,-5.86,5.60,13.24,19.66,—,—,—,—,—,—
0195,Revenue GR 5Y avg,—,2.90,11.44,—,—,—,—,—,—,—,—
0195,Revenue GR 10Y avg,—,—,—,—,—,—,—,—,—,—,—
0195,NP GR,—,-33.67,-12.07,24.24,43.80,—,—,—,—,—,—
0195,NP GR 3Y avg,—,-9.16,7.65,—,—,—,—,—,—,—,—
0195,NP GR 5Y avg,—,—,—,—,—,—,—,—,—,—,—
0195,NP GR 10Y avg,0.0,0.0,0.0,0.0,0.0,0.0,0.0,0.0,0.0,0.0,0.0
0195,EPS GR,-540.00,-40.11,-55.26,8.39,-6.37,51.54,40.27,—,—,—,—
0195,EPS GR 3Y avg,—,-33.78,-23.14,15.43,25.79,—,—,—,—,—,—
0195,EPS GR 5Y avg,—,-16.25,-0.71,—,—,—,—,—,—,—,—
0195,EPS GR 10Y avg,—,—,—,—,—,—,—,—,—,—,—
0195,OCF GR,—,—,-91.61,-34.98,145.49,—,-98.53,—,—,—,—
0195,FCF GR,—,—,—,-50.47,160.46,—,—,—,—,—,—
0195,D/E,0.22,0.25,0.10,0.11,0.12,0.48,0.58,0.58,—,—,—
0195,Price,0.4050,0.3750,0.3150,0.4150,0.0000, - ,0.0,0.0,0.0,0.0,0.0
0196,Year End,TTM,2020-12,2019-12,2018-12,2017-12,2016-12,2015-12,2014-12,2013-12,2012-12,2011-12
0196,Revenue,168,155,161,193,191,137,128,105,—,—,—
0196,NP,13,9,3,14,15,9,7,5,—,—,—
0196,EPS,0.02,0.01,—,0.02,0.02,1.56,0.01,0.01,—,—,—
0196,DPS,—,—,—,—,—,—,—,—,—,—,—
0196,Div Payout,—,—,59.7,—,—,—,—,—,—,—,—
0196,Shares,834,771,758,732,607,758,758,758,—,—,—
0196,BVPS,0.15,0.11,0.11,0.11,—,—,—,—,—,—,—
0196,OCF,15,5,8,11,17,7,4,10,—,—,—
0196,FCF,-13,1,3,5,14,5,3,7,—,—,—
0196,NP Margin,7.80,5.58,2.05,7.29,7.87,6.89,5.54,4.96,—,—,—
0196,ROE,12.15,8.39,3.74,20.95,38.97,36.03,38.09,34.07,—,—,—
0196,Revenue GR,32.28,-3.81,-16.43,1.13,39.08,7.25,21.46,—,—,—,—
0196,Revenue GR 3Y avg,—,-6.67,5.54,14.69,21.91,—,—,—,—,—,—
0196,Revenue GR 5Y avg,—,3.93,8.90,—,—,—,—,—,—,—,—
0196,Revenue GR 10Y avg,—,—,—,—,—,—,—,—,—,—,—
0196,NP GR,—,-16.78,-29.56,25.64,42.17,—,—,—,—,—,—
0196,NP GR 3Y avg,—,4.07,-8.76,—,—,—,—,—,—,—,—
0196,NP GR 5Y avg,—,—,—,—,—,—,—,—,—,—,—
0196,NP GR 10Y avg,0.0,0.0,0.0,0.0,0.0,0.0,0.0,0.0,0.0,0.0,0.0
0196,EPS GR,151.52,154.55,-77.08,-99.23,—,6.67,35.69,—,—,—,—
0196,EPS GR 3Y avg,—,-83.47,-29.35,17.97,560.17,—,—,—,—,—,—
0196,EPS GR 5Y avg,—,-0.86,-12.58,—,—,—,—,—,—,—,—
0196,EPS GR 10Y avg,—,—,—,—,—,—,—,—,—,—,—
0196,OCF GR,—,-34.79,-29.95,-32.88,151.62,60.79,-55.99,—,—,—,—
0196,FCF GR,—,-61.02,-36.66,-67.98,202.51,38.14,-51.27,—,—,—,—
0196,D/E,0.16,0.17,0.05,0.01,0.03,0.10,0.26,0.51,—,—,—
0196,Price,0.5000,0.2950,0.2300,0.2150,0.0000,0.0000,0.0,0.0,0.0,0.0,0.0
0200,Year End,TTM,2020-06,2019-06,2018-06,2017-06,2016-06,2015-06,2014-06,2013-06,2012-06,2011-06
0200,Revenue,92,78,58,35,27,26,14,—,—,—,—
0200,NP,11,8,9,7,7,5,2,—,—,—,—
0200,EPS,0.02,0.02,0.03,0.02,0.03,0.01,0.01,—,—,—,—
0200,DPS,—,—,—,—,—,—,—,—,—,—,—
0200,Div Payout,—,—,—,—,—,—,—,—,—,—,—
0200,Shares,400,316,225,371,279,371,371,—,—,—,—
0200,BVPS,0.31,0.16,0.13,—,—,—,—,—,—,—,—
0200,OCF,21,22,2,13,9,10,1,—,—,—,—
0200,FCF,5,8,-8,6,-2,6,-1,—,—,—,—
0200,NP Margin,11.43,9.95,14.78,19.16,26.30,17.54,14.71,—,—,—,—
0200,ROE,10.28,12.70,21.66,33.69,48.62,46.38,28.31,—,—,—,—
0200,Revenue GR,87.44,33.69,63.96,33.32,3.11,78.83,—,—,—,—,—
0200,Revenue GR 3Y avg,—,42.97,31.11,34.96,—,—,—,—,—,—,—
0200,Revenue GR 5Y avg,—,40.05,—,—,—,—,—,—,—,—,—
0200,Revenue GR 10Y avg,—,—,—,—,—,—,—,—,—,—,—
0200,NP GR,—,3.41,23.83,47.39,—,—,—,—,—,—,—
0200,NP GR 3Y avg,—,29.53,—,—,—,—,—,—,—,—,—
0200,NP GR 5Y avg,—,—,—,—,—,—,—,—,—,—,—
0200,NP GR 10Y avg,0.0,0.0,0.0,0.0,0.0,0.0,0.0,0.0,0.0,0.0,0.0
0200,EPS GR,417.65,7.02,24.99,-2.86,54.19,113.68,—,—,—,—,—
0200,EPS GR 3Y avg,—,9.12,23.24,47.37,—,—,—,—,—,—,—
0200,EPS GR 5Y avg,—,33.75,—,—,—,—,—,—,—,—,—
0200,EPS GR 10Y avg,—,—,—,—,—,—,—,—,—,—,—
0200,OCF GR,—,822.55,-82.06,44.52,-7.78,—,—,—,—,—,—
0200,FCF GR,—,—,—,—,—,—,—,—,—,—,—
0200,D/E,0.04,0.09,0.11,0.30,0.44,0.96,1.58,—,—,—,—
0200,Price,1.8400,1.1800,1.4200,0.0000,0.0000, - ,0.0,0.0,0.0,0.0,0.0
0202,Year End,TTM,2020-12,2019-12,2018-12,2017-12,2016-12,2015-12,2014-12,2013-12,2012-12,2011-12
0202,Revenue,91,76,82,62,81,77,66,—,—,—,—
0202,NP,4,2,6,3,7,9,6,—,—,—,—
0202,EPS,0.01,—,0.01,0.01,0.02,0.02,0.01,—,—,—,—
0202,DPS,—,—,—,—,—,—,—,—,—,—,—
0202,Div Payout,—,30.3,—,—,—,—,—,—,—,—,—
0202,Shares,525,525,525,454,397,525,525,—,—,—,—
0202,BVPS,0.13,0.12,0.12,0.11,—,—,—,—,—,—,—
0202,OCF,3,12,8,4,6,2,9,—,—,—,—
0202,FCF,1,10,6,4,6,-2,5,—,—,—,—
0202,NP Margin,3.99,2.10,6.83,4.85,8.80,12.32,9.56,—,—,—,—
0202,ROE,5.55,2.48,9.15,5.19,17.74,45.27,34.30,—,—,—,—
0202,Revenue GR,106.72,-7.11,32.46,-23.40,5.12,15.73,—,—,—,—,—
0202,Revenue GR 3Y avg,—,-1.96,2.17,-2.33,—,—,—,—,—,—,—
0202,Revenue GR 5Y avg,—,2.77,—,—,—,—,—,—,—,—,—
0202,Revenue GR 10Y avg,—,—,—,—,—,—,—,—,—,—,—
0202,NP GR,—,-39.17,-16.08,-22.11,—,—,—,—,—,—,—
0202,NP GR 3Y avg,—,-24.08,—,—,—,—,—,—,—,—,—
0202,NP GR 5Y avg,—,—,—,—,—,—,—,—,—,—,—
0202,NP GR 10Y avg,0.0,0.0,0.0,0.0,0.0,0.0,0.0,0.0,0.0,0.0,0.0
0202,EPS GR,—,-71.96,62.12,-51.25,-24.92,49.25,—,—,—,—,—
0202,EPS GR 3Y avg,—,-39.49,-15.97,-18.25,—,—,—,—,—,—,—
0202,EPS GR 5Y avg,—,-24.32,—,—,—,—,—,—,—,—,—
0202,EPS GR 10Y avg,—,—,—,—,—,—,—,—,—,—,—
0202,OCF GR,—,48.71,75.78,-26.80,234.14,-79.30,—,—,—,—,—
0202,FCF GR,—,69.80,62.79,-35.94,—,—,—,—,—,—,—
0202,D/E,—,—,0.02,0.03,0.16,0.41,0.28,—,—,—,—
0202,Price,0.3650,0.3600,0.3150,0.2400,0.0000, - ,0.0,0.0,0.0,0.0,0.0
0203,Year End,TTM,2020-12,2019-12,2018-12,2017-12,2016-12,2015-12,2014-12,2013-12,2012-12,2011-12
0203,Revenue,28,27,31,31,45,25,17,—,—,—,—
0203,NP,-4,-5,2,1,6,4,3,—,—,—,—
0203,EPS,-0.01,-0.01,—,—,0.02,0.01,0.01,—,—,—,—
0203,DPS,—,—,—,—,—,—,—,—,—,—,—
0203,Div Payout,—,—,—,—,—,—,—,—,—,—,—
0203,Shares,525,513,487,428,351,351,351,—,—,—,—
0203,BVPS,0.07,0.08,0.08,0.04,—,—,—,—,—,—,—
0203,OCF,4,3,-1,-3,9,5,1,—,—,—,—
0203,FCF,4,2,-1,-4,9,3,-1,—,—,—,—
0203,NP Margin,-12.89,-17.90,6.40,1.96,13.44,17.56,16.87,—,—,—,—
0203,ROE,-9.71,-12.54,5.29,2.20,36.68,35.48,26.07,—,—,—,—
0203,Revenue GR,15.12,-12.84,-0.66,-30.09,80.85,45.80,—,—,—,—,—
0203,Revenue GR 3Y avg,—,-15.41,7.89,22.61,—,—,—,—,—,—,—
0203,Revenue GR 5Y avg,—,9.80,—,—,—,—,—,—,—,—,—
0203,Revenue GR 10Y avg,—,—,—,—,—,—,—,—,—,—,—
0203,NP GR,—,—,-22.92,-40.18,—,—,—,—,—,—,—
0203,NP GR 3Y avg,—,—,—,—,—,—,—,—,—,—,—
0203,NP GR 5Y avg,—,—,—,—,—,—,—,—,—,—,—
0203,NP GR 10Y avg,0.0,0.0,0.0,0.0,0.0,0.0,0.0,0.0,0.0,0.0,0.0
0203,EPS GR,-65.12,—,148.48,-90.37,38.45,51.74,—,—,—,—,—
0203,EPS GR 3Y avg,—,—,-30.80,-41.29,—,—,—,—,—,—,—
0203,EPS GR 5Y avg,—,—,—,—,—,—,—,—,—,—,—
0203,EPS GR 10Y avg,—,—,—,—,—,—,—,—,—,—,—
0203,OCF GR,—,—,—,—,94.82,682.05,—,—,—,—,—
0203,FCF GR,—,—,—,—,150.70,—,—,—,—,—,—
0203,D/E,—,—,0.01,0.05,0.10,0.12,—,—,—,—,—
0203,Price,0.1500,0.1600,0.5400,0.4050,0.0000, - ,0.0,0.0,0.0,0.0,0.0
0208,Year End,TTM,2020-12,2019-12,2018-12,2017-12,2016-12,2015-12,2014-12,2013-12,2012-12,2011-12
0208,Revenue,304,261,216,220,94,23,21,—,—,—,—
0208,NP,116,88,52,32,19,6,6,—,—,—,—
0208,EPS,0.09,0.07,0.06,0.13,0.08,0.02,0.02,—,—,—,—
0208,DPS,—,—,—,—,—,—,—,—,—,—,—
0208,Div Payout,—,—,—,—,—,—,—,—,—,—,—
0208,Shares,"1,252","1,252",927,240,240,240,240,—,—,—,—
0208,BVPS,0.27,0.20,0.14,—,—,—,—,—,—,—,—
0208,OCF,121,103,104,76,13,1,8,—,—,—,—
0208,FCF,90,74,75,64,9,—,1,—,—,—,—
0208,NP Margin,38.22,33.64,24.22,14.45,20.29,25.59,26.17,—,—,—,—
0208,ROE,42.39,36.43,39.40,57.48,58.69,29.46,37.35,—,—,—,—
0208,Revenue GR,80.41,20.93,-1.66,133.81,313.66,6.12,—,—,—,—,—
0208,Revenue GR 3Y avg,—,40.62,111.88,117.32,—,—,—,—,—,—,—
0208,Revenue GR 5Y avg,—,64.94,—,—,—,—,—,—,—,—,—
0208,Revenue GR 10Y avg,—,—,—,—,—,—,—,—,—,—,—
0208,NP GR,—,66.43,108.03,78.28,—,—,—,—,—,—,—
0208,NP GR 3Y avg,—,73.44,—,—,—,—,—,—,—,—,—
0208,NP GR 5Y avg,—,—,—,—,—,—,—,—,—,—,—
0208,NP GR 10Y avg,0.0,0.0,0.0,0.0,0.0,0.0,0.0,0.0,0.0,0.0,0.0
0208,EPS GR,152.88,24.36,-57.38,66.45,228.04,3.77,—,—,—,—,—
0208,EPS GR 3Y avg,—,-4.09,32.52,78.28,—,—,—,—,—,—,—
0208,EPS GR 5Y avg,—,24.60,—,—,—,—,—,—,—,—,—
0208,EPS GR 10Y avg,—,—,—,—,—,—,—,—,—,—,—
0208,OCF GR,—,-0.87,36.82,482.73,—,-93.24,—,—,—,—,—
0208,FCF GR,—,-1.71,16.96,608.90,—,—,—,—,—,—,—
0208,D/E,0.06,0.06,0.10,0.08,0.18,0.24,0.28,—,—,—,—
0208,Price,5.3200,9.1000,2.4000,0.0000, - , - ,0.0,0.0,0.0,0.0,0.0
0212,Year End,TTM,2020-03,2019-03,2018-03,2017-03,2016-03,2015-03,2014-03,2013-03,2012-03,2011-03
0212,Revenue,177,192,187,174,139,94,—,—,—,—,—
0212,NP,8,4,8,6,6,3,—,—,—,—,—
0212,EPS,0.02,0.01,0.03,0.01,0.02,0.01,—,—,—,—,—
0212,DPS,—,—,—,—,—,—,—,—,—,—,—
0212,Div Payout,—,—,—,—,—,—,—,—,—,—,—
0212,Shares,406,352,302,406,406,406,—,—,—,—,—
0212,BVPS,0.18,0.15,—,—,—,—,—,—,—,—,—
0212,OCF,29,14,20,20,20,15,—,—,—,—,—
0212,FCF,20,2,14,12,11,11,—,—,—,—,—
0212,NP Margin,4.36,2.13,4.11,3.29,4.41,3.58,—,—,—,—,—
0212,ROE,10.88,6.43,16.59,20.58,26.84,16.32,—,—,—,—,—
0212,Revenue GR,-7.80,2.35,7.42,25.02,48.26,—,—,—,—,—,—
0212,Revenue GR 3Y avg,—,11.19,25.81,—,—,—,—,—,—,—,—
0212,Revenue GR 5Y avg,—,—,—,—,—,—,—,—,—,—,—
0212,Revenue GR 10Y avg,—,—,—,—,—,—,—,—,—,—,—
0212,NP GR,—,-12.83,31.73,—,—,—,—,—,—,—,—
0212,NP GR 3Y avg,—,—,—,—,—,—,—,—,—,—,—
0212,NP GR 5Y avg,—,—,—,—,—,—,—,—,—,—,—
0212,NP GR 10Y avg,0.0,0.0,0.0,0.0,0.0,0.0,0.0,0.0,0.0,0.0,0.0
0212,EPS GR,—,-38.95,34.36,-6.70,82.74,—,—,—,—,—,—
0212,EPS GR 3Y avg,—,-8.53,31.82,—,—,—,—,—,—,—,—
0212,EPS GR 5Y avg,—,—,—,—,—,—,—,—,—,—,—
0212,EPS GR 10Y avg,—,—,—,—,—,—,—,—,—,—,—
0212,OCF GR,—,-28.45,0.74,-0.78,36.03,—,—,—,—,—,—
0212,FCF GR,—,-85.83,14.72,8.86,5.49,—,—,—,—,—,—
0212,D/E,0.50,0.67,0.65,1.40,1.33,0.67,—,—,—,—,—
0212,Price,0.3700,0.3700,0.1250,0.0000, - , - ,0.0,0.0,0.0,0.0,0.0
0217,Year End,TTM,2018-12,2017-12,2016-12,2015-12,2014-12,2013-12,2012-12,2011-12,2010-12,2009-12
0217,Revenue,104,105,106,93,—,—,—,—,—,—,—
0217,NP,12,12,14,8,—,—,—,—,—,—,—
0217,EPS,0.21,0.21,0.24,0.15,—,—,—,—,—,—,—
0217,DPS,—,—,—,—,—,—,—,—,—,—,—
0217,Div Payout,—,—,—,—,—,—,—,—,—,—,—
0217,Shares,493,58,58,58,—,—,—,—,—,—,—
0217,BVPS,0.13,—,—,—,—,—,—,—,—,—,—
0217,OCF,7,11,-16,25,—,—,—,—,—,—,—
0217,FCF,6,11,-19,23,—,—,—,—,—,—,—
0217,NP Margin,11.24,11.52,13.04,9.13,—,—,—,—,—,—,—
0217,ROE,15.34,25.24,35.43,25.71,—,—,—,—,—,—,—
0217,Revenue GR,—,-0.98,14.97,—,—,—,—,—,—,—,—
0217,Revenue GR 3Y avg,—,—,—,—,—,—,—,—,—,—,—
0217,Revenue GR 5Y avg,—,—,—,—,—,—,—,—,—,—,—
0217,Revenue GR 10Y avg,—,—,—,—,—,—,—,—,—,—,—
0217,NP GR,—,—,—,—,—,—,—,—,—,—,—
0217,NP GR 3Y avg,—,—,—,—,—,—,—,—,—,—,—
0217,NP GR 5Y avg,—,—,—,—,—,—,—,—,—,—,—
0217,NP GR 10Y avg,0.0,0.0,0.0,0.0,0.0,0.0,0.0,0.0,0.0,0.0,0.0
0217,EPS GR,—,-12.51,64.10,—,—,—,—,—,—,—,—
0217,EPS GR 3Y avg,—,—,—,—,—,—,—,—,—,—,—
0217,EPS GR 5Y avg,—,—,—,—,—,—,—,—,—,—,—
0217,EPS GR 10Y avg,—,—,—,—,—,—,—,—,—,—,—
0217,OCF GR,—,—,—,—,—,—,—,—,—,—,—
0217,FCF GR,—,—,—,—,—,—,—,—,—,—,—
0217,D/E,0.02,—,0.01,0.01,—,—,—,—,—,—,—
0217,Price,0.2450,0.2450,0.2400,0.0000,0.0000, - ,0.0,0.0,0.0,0.0,0.0
0220,Year End,TTM,2020-12,2019-12,2018-12,2017-12,2016-12,2015-12,2014-12,2013-12,2012-12,2011-12
0220,Revenue,87,74,58,30,24,18,—,—,—,—,—
0220,NP,8,7,7,5,3,3,—,—,—,—,—
0220,EPS,0.02,0.02,0.02,0.01,0.01,0.01,—,—,—,—,—
0220,DPS,—,—,—,—,—,—,—,—,—,—,—
0220,Div Payout,—,—,—,—,—,—,—,—,—,—,—
0220,Shares,411,363,411,411,411,411,—,—,—,—,—
0220,BVPS,0.13,0.12,—,—,—,—,—,—,—,—,—
0220,OCF,-5,-3,6,1,2,1,—,—,—,—,—
0220,FCF,-6,-4,3,1,2,—,—,—,—,—,—
0220,NP Margin,8.77,9.92,11.87,16.97,12.58,15.36,—,—,—,—,—
0220,ROE,14.58,15.73,23.19,35.09,28.29,32.67,—,—,—,—,—
0220,Revenue GR,—,26.53,91.14,27.00,36.06,—,—,—,—,—,—
0220,Revenue GR 3Y avg,—,45.37,48.93,—,—,—,—,—,—,—,—
0220,Revenue GR 5Y avg,—,—,—,—,—,—,—,—,—,—,—
0220,Revenue GR 10Y avg,—,—,—,—,—,—,—,—,—,—,—
0220,NP GR,—,34.31,36.67,—,—,—,—,—,—,—,—
0220,NP GR 3Y avg,—,—,—,—,—,—,—,—,—,—,—
0220,NP GR 5Y avg,—,—,—,—,—,—,—,—,—,—,—
0220,NP GR 10Y avg,0.0,0.0,0.0,0.0,0.0,0.0,0.0,0.0,0.0,0.0,0.0
0220,EPS GR,—,20.03,33.70,71.30,11.46,—,—,—,—,—,—
0220,EPS GR 3Y avg,—,40.09,36.67,—,—,—,—,—,—,—,—
0220,EPS GR 5Y avg,—,—,—,—,—,—,—,—,—,—,—
0220,EPS GR 10Y avg,—,—,—,—,—,—,—,—,—,—,—
0220,OCF GR,—,—,388.05,-37.28,46.57,—,—,—,—,—,—
0220,FCF GR,—,—,421.46,-72.50,547.74,—,—,—,—,—,—
0220,D/E,0.03,0.03,0.04,0.09,0.11,0.19,—,—,—,—,—
0220,Price,0.3550,0.4450,0.0000, - , - , - ,0.0,0.0,0.0,0.0,0.0
0222,Year End,TTM,2020-12,2019-12,2018-12,2017-12,2016-12,2015-12,2014-12,2013-12,2012-12,2011-12
0222,Revenue,59,58,63,49,36,30,—,—,—,—,—
0222,NP,6,6,8,4,7,3,—,—,—,—,—
0222,EPS,0.02,0.02,0.04,0.02,0.03,0.01,—,—,—,—,—
0222,DPS,—,—,—,—,—,—,—,—,—,—,—
0222,Div Payout,—,—,—,—,—,—,—,—,—,—,—
0222,Shares,270,229,270,270,270,270,—,—,—,—,—
0222,BVPS,0.18,0.17,—,—,—,—,—,—,—,—,—
0222,OCF,14,13,18,13,8,8,—,—,—,—,—
0222,FCF,8,8,13,6,5,-9,—,—,—,—,—
0222,NP Margin,10.12,9.72,12.51,9.03,20.52,10.81,—,—,—,—,—
0222,ROE,16.55,12.59,25.06,23.94,51.75,26.51,—,—,—,—,—
0222,Revenue GR,-13.79,-7.34,27.19,36.70,20.20,—,—,—,—,—,—
0222,Revenue GR 3Y avg,—,17.23,27.85,—,—,—,—,—,—,—,—
0222,Revenue GR 5Y avg,—,—,—,—,—,—,—,—,—,—,—
0222,Revenue GR 10Y avg,—,—,—,—,—,—,—,—,—,—,—
0222,NP GR,—,-8.61,34.20,—,—,—,—,—,—,—,—
0222,NP GR 3Y avg,—,—,—,—,—,—,—,—,—,—,—
0222,NP GR 5Y avg,—,—,—,—,—,—,—,—,—,—,—
0222,NP GR 10Y avg,0.0,0.0,0.0,0.0,0.0,0.0,0.0,0.0,0.0,0.0,0.0
0222,EPS GR,-18.49,-15.17,75.76,-39.78,128.33,—,—,—,—,—,—
0222,EPS GR 3Y avg,—,-3.53,34.20,—,—,—,—,—,—,—,—
0222,EPS GR 5Y avg,—,—,—,—,—,—,—,—,—,—,—
0222,EPS GR 10Y avg,—,—,—,—,—,—,—,—,—,—,—
0222,OCF GR,—,-26.62,36.83,58.72,-1.98,—,—,—,—,—,—
0222,FCF GR,—,-35.24,123.18,22.76,—,—,—,—,—,—,—
0222,D/E,0.44,0.44,0.47,1.07,0.81,0.98,—,—,—,—,—
0222,Price,1.7100,0.9300,0.0000, - , - , - ,0.0,0.0,0.0,0.0,0.0
0223,Year End,TTM,2020-06,2019-06,2018-06,2017-06,2016-06,2015-06,2014-06,2013-06,2012-06,2011-06
0223,Revenue,76,76,68,31,7,—,—,—,—,—,—
0223,NP,7,7,7,3,1,—,—,—,—,—,—
0223,EPS,0.03,0.03,0.04,0.02,0.01,—,—,—,—,—,—
0223,DPS,—,—,—,—,—,—,—,—,—,—,—
0223,Div Payout,—,—,—,—,—,—,—,—,—,—,—
0223,Shares,210,210,210,210,210,—,—,—,—,—,—
0223,BVPS,0.22,—,—,—,—,—,—,—,—,—,—
0223,OCF,12,12,2,11,2,—,—,—,—,—,—
0223,FCF,10,10,2,11,2,—,—,—,—,—,—
0223,NP Margin,9.52,9.52,10.95,10.26,20.89,—,—,—,—,—,—
0223,ROE,29.18,29.18,121.83,100.66,90.27,—,—,—,—,—,—
0223,Revenue GR,—,11.52,118.06,379.66,—,—,—,—,—,—,—
0223,Revenue GR 3Y avg,—,126.79,—,—,—,—,—,—,—,—,—
0223,Revenue GR 5Y avg,—,—,—,—,—,—,—,—,—,—,—
0223,Revenue GR 10Y avg,—,—,—,—,—,—,—,—,—,—,—
0223,NP GR,—,74.55,—,—,—,—,—,—,—,—,—
0223,NP GR 3Y avg,—,—,—,—,—,—,—,—,—,—,—
0223,NP GR 5Y avg,—,—,—,—,—,—,—,—,—,—,—
0223,NP GR 10Y avg,0.0,0.0,0.0,0.0,0.0,0.0,0.0,0.0,0.0,0.0,0.0
0223,EPS GR,—,-3.03,132.76,135.63,—,—,—,—,—,—,—
0223,EPS GR 3Y avg,—,74.55,—,—,—,—,—,—,—,—,—
0223,EPS GR 5Y avg,—,—,—,—,—,—,—,—,—,—,—
0223,EPS GR 10Y avg,—,—,—,—,—,—,—,—,—,—,—
0223,OCF GR,—,538.59,-83.45,553.96,—,—,—,—,—,—,—
0223,FCF GR,—,573.49,-85.91,553.61,—,—,—,—,—,—,—
0223,D/E,0.03,0.02,0.01,—,—,—,—,—,—,—,—
0222,Price,1.7100,0.9300,0.0000, - , - , - ,0.0,0.0,0.0,0.0,0.0
0226,Year End,TTM,2019-08,2018-08,2017-08,2016-08,2015-08,2014-08,2013-08,2012-08,2011-08,2010-08
0226,Revenue,165,221,267,171,—,—,—,—,—,—,—
0226,NP,13,18,13,6,—,—,—,—,—,—,—
0226,EPS,0.02,0.03,0.02,0.01,—,—,—,—,—,—,—
0226,DPS,—,—,—,—,—,—,—,—,—,—,—
0226,Div Payout,—,—,—,—,—,—,—,—,—,—,—
0226,Shares,538,538,538,538,—,—,—,—,—,—,—
0226,BVPS,0.25,—,—,—,—,—,—,—,—,—,—
0226,OCF,24,9,22,18,—,—,—,—,—,—,—
0226,FCF,22,6,20,13,—,—,—,—,—,—,—
0226,NP Margin,7.57,8.34,5.03,3.71,—,—,—,—,—,—,—
0226,ROE,9.35,26.25,22.86,11.38,—,—,—,—,—,—,—
0226,Revenue GR,—,-17.12,55.93,—,—,—,—,—,—,—,—
0226,Revenue GR 3Y avg,—,—,—,—,—,—,—,—,—,—,—
0226,Revenue GR 5Y avg,—,—,—,—,—,—,—,—,—,—,—
0226,Revenue GR 10Y avg,—,—,—,—,—,—,—,—,—,—,—
0226,NP GR,—,—,—,—,—,—,—,—,—,—,—
0226,NP GR 3Y avg,—,—,—,—,—,—,—,—,—,—,—
0226,NP GR 5Y avg,—,—,—,—,—,—,—,—,—,—,—
0226,NP GR 10Y avg,0.0,0.0,0.0,0.0,0.0,0.0,0.0,0.0,0.0,0.0,0.0
0226,EPS GR,—,37.75,111.02,—,—,—,—,—,—,—,—
0226,EPS GR 3Y avg,—,—,—,—,—,—,—,—,—,—,—
0226,EPS GR 5Y avg,—,—,—,—,—,—,—,—,—,—,—
0226,EPS GR 10Y avg,—,—,—,—,—,—,—,—,—,—,—
0226,OCF GR,—,-56.58,13.95,—,—,—,—,—,—,—,—
0226,FCF GR,—,-67.56,57.92,—,—,—,—,—,—,—,—
0226,D/E,0.09,0.26,0.46,0.38,—,—,—,—,—,—,—
0226,Price,0.2850,0.0000,0.0000, - , - , - ,0.0,0.0,0.0,0.0,0.0
0227,Year End,TTM,2019-08,2018-08,2017-08,2016-08,2015-08,2014-08,2013-08,2012-08,2011-08,2010-08
0227,Revenue,41,44,40,35,—,—,—,—,—,—,—
0227,NP,7,8,5,3,—,—,—,—,—,—,—
0227,EPS,0.02,0.03,0.02,0.01,—,—,—,—,—,—,—
0227,DPS,—,—,—,—,—,—,—,—,—,—,—
0227,Div Payout,—,—,—,—,—,—,—,—,—,—,—
0227,Shares,325,325,325,325,—,—,—,—,—,—,—
0227,BVPS,0.16,—,—,—,—,—,—,—,—,—,—
0227,OCF,5,5,3,1,—,—,—,—,—,—,—
0227,FCF,5,5,3,1,—,—,—,—,—,—,—
0227,NP Margin,16.53,18.45,12.80,8.76,—,—,—,—,—,—,—
0227,ROE,13.93,34.26,27.04,19.18,—,—,—,—,—,—,—
0227,Revenue GR,—,10.68,12.23,—,—,—,—,—,—,—,—
0227,Revenue GR 3Y avg,—,—,—,—,—,—,—,—,—,—,—
0227,Revenue GR 5Y avg,—,—,—,—,—,—,—,—,—,—,—
0227,Revenue GR 10Y avg,—,—,—,—,—,—,—,—,—,—,—
0227,NP GR,—,—,—,—,—,—,—,—,—,—,—
0227,NP GR 3Y avg,—,—,—,—,—,—,—,—,—,—,—
0227,NP GR 5Y avg,—,—,—,—,—,—,—,—,—,—,—
0227,NP GR 10Y avg,0.0,0.0,0.0,0.0,0.0,0.0,0.0,0.0,0.0,0.0,0.0
0227,EPS GR,—,59.60,63.89,—,—,—,—,—,—,—,—
0227,EPS GR 3Y avg,—,—,—,—,—,—,—,—,—,—,—
0227,EPS GR 5Y avg,—,—,—,—,—,—,—,—,—,—,—
0227,EPS GR 10Y avg,—,—,—,—,—,—,—,—,—,—,—
0227,OCF GR,—,82.20,173.68,—,—,—,—,—,—,—,—
0227,FCF GR,—,83.20,215.33,—,—,—,—,—,—,—,—
0227,D/E,0.01,0.02,0.04,0.08,—,—,—,—,—,—,—
0227,Price,0.5800,0.0000,0.0000, - , - , - ,0.0,0.0,0.0,0.0,0.0
0229,Year End,TTM,2019-12,2018-12,2017-12,2016-12,2015-12,2014-12,2013-12,2012-12,2011-12,2010-12
0229,Revenue,66,76,67,56,—,—,—,—,—,—,—
0229,NP,5,8,6,6,—,—,—,—,—,—,—
0229,EPS,0.01,0.02,0.02,0.02,—,—,—,—,—,—,—
0229,DPS,—,—,—,—,—,—,—,—,—,—,—
0229,Div Payout,—,—,—,—,—,—,—,—,—,—,—
0229,Shares,400,400,400,400,—,—,—,—,—,—,—
0229,BVPS,0.12,—,—,—,—,—,—,—,—,—,—
0229,OCF,6,13,7,7,—,—,—,—,—,—,—
0229,FCF,-4,-4,4,4,—,—,—,—,—,—,—
0229,NP Margin,8.12,11.14,9.39,11.24,—,—,—,—,—,—,—
0229,ROE,12.83,36.42,29.33,31.45,—,—,—,—,—,—,—
0229,Revenue GR,—,13.66,19.33,—,—,—,—,—,—,—,—
0229,Revenue GR 3Y avg,—,—,—,—,—,—,—,—,—,—,—
0229,Revenue GR 5Y avg,—,—,—,—,—,—,—,—,—,—,—
0229,Revenue GR 10Y avg,—,—,—,—,—,—,—,—,—,—,—
0229,NP GR,—,—,—,—,—,—,—,—,—,—,—
0229,NP GR 3Y avg,—,—,—,—,—,—,—,—,—,—,—
0229,NP GR 5Y avg,—,—,—,—,—,—,—,—,—,—,—
0229,NP GR 10Y avg,0.0,0.0,0.0,0.0,0.0,0.0,0.0,0.0,0.0,0.0,0.0
0229,EPS GR,—,28.14,-0.34,—,—,—,—,—,—,—,—
0229,EPS GR 3Y avg,—,—,—,—,—,—,—,—,—,—,—
0229,EPS GR 5Y avg,—,—,—,—,—,—,—,—,—,—,—
0229,EPS GR 10Y avg,—,—,—,—,—,—,—,—,—,—,—
0229,OCF GR,—,82.19,0.66,—,—,—,—,—,—,—,—
0229,FCF GR,—,—,-1.80,—,—,—,—,—,—,—,—
0229,D/E,0.44,0.71,0.29,0.36,—,—,—,—,—,—,—
0229,Price,0.3900,0.0000,0.0000, - , - , - ,0.0,0.0,0.0,0.0,0.0
0231,Year End,TTM,2019-12,2018-12,2017-12,2016-12,2015-12,2014-12,2013-12,2012-12,2011-12,2010-12
0231,Revenue,50,50,48,30,—,—,—,—,—,—,—
0231,NP,5,5,4,4,—,—,—,—,—,—,—
0231,EPS,0.02,0.02,0.02,0.02,—,—,—,—,—,—,—
0231,DPS,—,—,—,—,—,—,—,—,—,—,—
0231,Div Payout,—,—,—,—,—,—,—,—,—,—,—
0231,Shares,284,284,284,284,—,—,—,—,—,—,—
0231,BVPS,0.14,—,—,—,—,—,—,—,—,—,—
0231,OCF,6,—,2,6,—,—,—,—,—,—,—
0231,FCF,5,-1,—,6,—,—,—,—,—,—,—
0231,NP Margin,10.63,9.24,8.88,14.70,—,—,—,—,—,—,—
0231,ROE,15.02,23.87,27.99,33.16,—,—,—,—,—,—,—
0231,Revenue GR,—,3.14,61.60,—,—,—,—,—,—,—,—
0231,Revenue GR 3Y avg,—,—,—,—,—,—,—,—,—,—,—
0231,Revenue GR 5Y avg,—,—,—,—,—,—,—,—,—,—,—
0231,Revenue GR 10Y avg,—,—,—,—,—,—,—,—,—,—,—
0231,NP GR,—,—,—,—,—,—,—,—,—,—,—
0231,NP GR 3Y avg,—,—,—,—,—,—,—,—,—,—,—
0231,NP GR 5Y avg,—,—,—,—,—,—,—,—,—,—,—
0231,NP GR 10Y avg,0.0,0.0,0.0,0.0,0.0,0.0,0.0,0.0,0.0,0.0,0.0
0231,EPS GR,—,7.40,-2.45,—,—,—,—,—,—,—,—
0231,EPS GR 3Y avg,—,—,—,—,—,—,—,—,—,—,—
0231,EPS GR 5Y avg,—,—,—,—,—,—,—,—,—,—,—
0231,EPS GR 10Y avg,—,—,—,—,—,—,—,—,—,—,—
0231,OCF GR,—,-80.41,-64.20,—,—,—,—,—,—,—,—
0231,FCF GR,—,—,-93.46,—,—,—,—,—,—,—,—
0231,D/E,0.26,0.31,0.26,0.36,—,—,—,—,—,—,—
0231,Price,0.4050,0.0000,0.0000, - , - , - ,0.0,0.0,0.0,0.0,0.0
0232,Year End,TTM,2020-12,2019-12,2018-12,2017-12,2016-12,2015-12,2014-12,2013-12,2012-12,2011-12
0232,Revenue,53,53,56,59,—,—,—,—,—,—,—
0232,NP,3,3,5,7,—,—,—,—,—,—,—
0232,EPS,0.02,0.02,0.03,0.04,—,—,—,—,—,—,—
0232,DPS,—,—,—,—,—,—,—,—,—,—,—
0232,Div Payout,—,—,—,—,—,—,—,—,—,—,—
0232,Shares,165,165,165,165,—,—,—,—,—,—,—
0232,BVPS,0.46,—,—,—,—,—,—,—,—,—,—
0232,OCF,1,1,12,6,—,—,—,—,—,—,—
0232,FCF,-2,-2,9,5,—,—,—,—,—,—,—
0232,NP Margin,6.44,6.44,8.55,11.85,—,—,—,—,—,—,—
0232,ROE,4.71,4.71,7.37,11.20,—,—,—,—,—,—,—
0232,Revenue GR,—,-6.02,-4.70,—,—,—,—,—,—,—,—
0232,Revenue GR 3Y avg,—,—,—,—,—,—,—,—,—,—,—
0232,Revenue GR 5Y avg,—,—,—,—,—,—,—,—,—,—,—
0232,Revenue GR 10Y avg,—,—,—,—,—,—,—,—,—,—,—
0232,NP GR,—,—,—,—,—,—,—,—,—,—,—
0232,NP GR 3Y avg,—,—,—,—,—,—,—,—,—,—,—
0232,NP GR 5Y avg,—,—,—,—,—,—,—,—,—,—,—
0232,NP GR 10Y avg,0.0,0.0,0.0,0.0,0.0,0.0,0.0,0.0,0.0,0.0,0.0
0232,EPS GR,—,-29.23,-31.24,—,—,—,—,—,—,—,—
0232,EPS GR 3Y avg,—,—,—,—,—,—,—,—,—,—,—
0232,EPS GR 5Y avg,—,—,—,—,—,—,—,—,—,—,—
0232,EPS GR 10Y avg,—,—,—,—,—,—,—,—,—,—,—
0232,OCF GR,—,-93.65,89.86,—,—,—,—,—,—,—,—
0232,FCF GR,—,—,82.68,—,—,—,—,—,—,—,—
0232,D/E,—,—,—,—,—,—,—,—,—,—,—
0231,Price,0.4050,0.0000,0.0000, - , - , - ,0.0,0.0,0.0,0.0,0.0
0233,Year End,TTM,2020-12,2019-12,2018-12,2017-12,2016-12,2015-12,2014-12,2013-12,2012-12,2011-12
0233,Revenue,126,126,120,120,73,—,—,—,—,—,—
0233,NP,14,14,15,11,9,—,—,—,—,—,—
0233,EPS,0.02,0.02,0.02,0.02,0.01,—,—,—,—,—,—
0233,DPS,—,—,—,—,—,—,—,—,—,—,—
0233,Div Payout,—,—,—,—,—,—,—,—,—,—,—
0233,Shares,645,645,645,645,645,—,—,—,—,—,—
0233,BVPS,0.17,—,—,—,—,—,—,—,—,—,—
0233,OCF,4,4,14,-6,7,—,—,—,—,—,—
0233,FCF,-1,-1,12,-6,7,—,—,—,—,—,—
0233,NP Margin,10.81,10.81,12.38,9.24,12.85,—,—,—,—,—,—
0233,ROE,17.09,17.09,33.61,34.38,34.37,—,—,—,—,—,—
0233,Revenue GR,—,5.05,-0.51,64.94,—,—,—,—,—,—,—
0233,Revenue GR 3Y avg,—,19.91,—,—,—,—,—,—,—,—,—
0233,Revenue GR 5Y avg,—,—,—,—,—,—,—,—,—,—,—
0233,Revenue GR 10Y avg,—,—,—,—,—,—,—,—,—,—,—
0233,NP GR,—,13.19,—,—,—,—,—,—,—,—,—
0233,NP GR 3Y avg,—,—,—,—,—,—,—,—,—,—,—
0233,NP GR 5Y avg,—,—,—,—,—,—,—,—,—,—,—
0233,NP GR 10Y avg,0.0,0.0,0.0,0.0,0.0,0.0,0.0,0.0,0.0,0.0,0.0
0233,EPS GR,—,-8.70,35.29,13.33,—,—,—,—,—,—,—
0233,EPS GR 3Y avg,—,11.87,—,—,—,—,—,—,—,—,—
0233,EPS GR 5Y avg,—,—,—,—,—,—,—,—,—,—,—
0233,EPS GR 10Y avg,—,—,—,—,—,—,—,—,—,—,—
0233,OCF GR,—,-70.32,—,—,—,—,—,—,—,—,—
0233,FCF GR,—,—,—,—,—,—,—,—,—,—,—
0233,D/E,—,0.13,0.09,0.24,0.36,—,—,—,—,—,—
0231,Price,0.4050,0.0000,0.0000, - , - , - ,0.0,0.0,0.0,0.0,0.0
0235,Year End,TTM,2020-12,2019-12,2018-12,2017-12,2016-12,2015-12,2014-12,2013-12,2012-12,2011-12
0235,Revenue,344,344,423,218,191,—,—,—,—,—,—
0235,NP,14,14,15,7,5,—,—,—,—,—,—
0235,EPS,0.02,0.02,0.02,0.01,0.01,—,—,—,—,—,—
0235,DPS,—,—,—,—,—,—,—,—,—,—,—
0235,Div Payout,—,—,—,—,—,—,—,—,—,—,—
0235,Shares,644,644,644,644,644,—,—,—,—,—,—
0235,BVPS,0.18,—,—,—,—,—,—,—,—,—,—
0235,OCF,22,22,59,12,41,—,—,—,—,—,—
0235,FCF,17,17,54,8,36,—,—,—,—,—,—
0235,NP Margin,4.15,4.15,3.45,3.42,2.87,—,—,—,—,—,—
0235,ROE,16.32,16.32,31.09,22.48,18.02,—,—,—,—,—,—
0235,Revenue GR,—,-18.52,94.15,14.10,—,—,—,—,—,—,—
0235,Revenue GR 3Y avg,—,21.75,—,—,—,—,—,—,—,—,—
0235,Revenue GR 5Y avg,—,—,—,—,—,—,—,—,—,—,—
0235,Revenue GR 10Y avg,—,—,—,—,—,—,—,—,—,—,—
0235,NP GR,—,37.65,—,—,—,—,—,—,—,—,—
0235,NP GR 3Y avg,—,—,—,—,—,—,—,—,—,—,—
0235,NP GR 5Y avg,—,—,—,—,—,—,—,—,—,—,—
0235,NP GR 10Y avg,0.0,0.0,0.0,0.0,0.0,0.0,0.0,0.0,0.0,0.0,0.0
0235,EPS GR,—,-1.96,95.68,35.94,—,—,—,—,—,—,—
0235,EPS GR 3Y avg,—,37.65,—,—,—,—,—,—,—,—,—
0235,EPS GR 5Y avg,—,—,—,—,—,—,—,—,—,—,—
0235,EPS GR 10Y avg,—,—,—,—,—,—,—,—,—,—,—
0235,OCF GR,—,-63.24,371.37,-69.26,—,—,—,—,—,—,—
0235,FCF GR,—,-68.38,602.07,-78.76,—,—,—,—,—,—,—
0235,D/E,—,0.14,0.34,0.75,0.36,—,—,—,—,—,—
0231,Price,0.4050,0.0000,0.0000, - , - , - ,0.0,0.0,0.0,0.0,0.0
1147,Year End,TTM,2020-03,2019-03,2018-03,2017-03,2016-03,2015-03,2014-03,2013-03,2012-03,2011-03
1147,Revenue,383,261,149,95,246,810,445,352,271,278,149
1147,NP,-30,-28,-99,-93,8,39,30,39,30,32,6
1147,EPS,-0.07,-0.06,-0.22,-0.15,0.02,0.09,0.11,0.13,0.10,0.11,0.02
1147,DPS,—,—,—,—,0.01,—,—,—,—,—,—
1147,Div Payout,—,—,—,—,—,—,—,—,—,—,—
1147,Shares,455,455,455,455,455,455,287,291,291,291,291
1147,BVPS,0.57,0.64,0.77,0.97,1.00,1.06,0.95,0.94,0.82,0.74,—
1147,OCF,59,-37,40,-132,-123,425,-88,-77,—,27,-52
1147,FCF,56,-39,39,-137,-131,408,-93,-81,-18,26,-52
1147,NP Margin,-7.75,-10.58,-66.36,-98.36,3.24,4.79,6.83,11.09,11.23,11.58,4.28
1147,ROE,-10.75,-10.30,-30.08,-22.16,1.72,8.61,8.31,14.35,12.85,15.60,3.42
1147,Revenue GR,87.68,75.29,56.68,-61.43,-69.59,81.95,26.42,29.71,-2.19,86.21,—
1147,Revenue GR 3Y avg,—,1.94,-43.15,-40.24,-11.23,43.96,17.05,33.18,53.76,47.69,—
1147,Revenue GR 5Y avg,—,-10.13,-15.82,-18.94,-2.36,40.29,42.91,32.52,20.03,30.00,—
1147,Revenue GR 10Y avg,—,13.33,5.62,-1.36,12.66,19.98,12.23,—,—,—,—
1147,NP GR,—,—,—,—,-41.09,8.37,-1.84,82.97,—,—,—
1147,NP GR 3Y avg,—,—,—,—,-24.31,43.52,—,—,—,55.31,—
1147,NP GR 5Y avg,—,—,—,—,8.42,8.51,-0.21,—,—,—,—
1147,NP GR 10Y avg,0.0,0.0,0.0,0.0,0.0,0.0,0.0,0.0,0.0,0.0,0.0
1147,EPS GR,75.73,—,—,—,-79.39,-19.51,-21.03,28.04,-5.10,404.64,—
1147,EPS GR 3Y avg,—,—,—,—,-49.21,-6.64,-1.36,83.04,—,—,—
1147,EPS GR 5Y avg,—,—,—,—,-30.76,31.27,—,—,—,55.38,—
1147,EPS GR 10Y avg,—,—,—,—,3.73,3.77,-0.04,—,—,—,—
1147,OCF GR,—,—,—,—,—,—,—,—,—,—,—
1147,FCF GR,—,—,—,—,—,—,—,—,—,—,—
1147,D/E,0.52,0.62,0.49,0.36,0.18,0.11,0.48,0.40,0.17,0.06,—
1147,Price,0.3400,0.3400,0.1800,0.1850,0.2850,0.4500,0.4850,0.4800,0.7950,0.5000,0.5800
1198,Year End,TTM,2020-12,2019-12,2018-12,2017-12,2016-12,2015-12,2014-12,2013-12,2012-12,2011-12
1198,Revenue,234,200,136,95,85,21,485,519,435,365,331
1198,NP,79,40,-31,-27,25,263,25,17,5,42,126
1198,EPS,0.29,0.15,-0.05,-0.10,0.09,0.92,0.08,0.06,0.02,0.14,0.38
1198,DPS,—,—,0.06,0.03,0.09,0.06,0.06,0.06,0.03,—,—
1198,Div Payout,—,—,—,—,100.0,153.4,—,422.6,0.8,—,—
1198,Shares,267,268,273,274,274,284,298,304,304,304,304
1198,BVPS,2.06,1.91,1.89,1.93,2.05,2.08,1.36,1.40,1.40,1.40,0.94
1198,OCF,-29,-41,69,-40,-2,30,64,101,58,-22,82
1198,FCF,-35,-48,66,-40,-3,29,61,97,54,-40,73
1198,NP Margin,33.89,19.89,-23.04,-29.05,29.42,—,5.08,3.23,1.08,11.65,38.00
1198,ROE,15.75,7.79,-6.13,-5.04,4.52,54.75,5.91,3.91,1.10,10.11,35.96
1198,Revenue GR,184.38,47.65,43.37,10.62,312.16,-95.72,-6.57,19.27,19.27,10.17,-2.88
1198,Revenue GR 3Y avg,—,32.79,86.97,-42.01,-45.18,-63.74,9.95,16.16,8.47,31.04,58.20
1198,Revenue GR 5Y avg,—,-16.22,-23.54,-26.31,-25.19,-42.54,7.30,26.20,39.08,62.17,31.41
1198,Revenue GR 10Y avg,—,-5.19,-1.77,1.24,10.15,-13.10,—,—,—,—,—
1198,NP GR,—,16.54,—,—,14.51,282.42,-16.61,-48.94,-44.45,-6.89,—
1198,NP GR 3Y avg,—,10.07,—,—,-9.96,15.93,-2.16,-20.47,—,—,—
1198,NP GR 5Y avg,—,3.78,—,—,—,—,—,—,—,—,—
1198,NP GR 10Y avg,0.0,0.0,0.0,0.0,0.0,0.0,0.0,0.0,0.0,0.0,0.0
1198,EPS GR,-130.11,—,—,—,-90.08,—,50.36,254.84,-88.90,-66.20,358.89
1198,EPS GR 3Y avg,—,17.27,—,—,18.66,290.95,-16.01,-48.93,-44.36,-6.90,—
1198,EPS GR 5Y avg,—,12.37,—,—,-8.02,17.53,-1.68,-20.48,—,—,—
1198,EPS GR 10Y avg,—,5.11,—,—,—,—,—,—,—,—,—
1198,OCF GR,—,—,—,—,—,-53.34,-36.36,72.64,—,—,-28.98
1198,FCF GR,—,—,—,—,—,-53.17,-37.24,79.05,—,—,-34.74
1198,D/E,0.03,0.03,0.03,—,—,—,—,—,—,—,0.02
1198,Price,0.8400,0.7750,0.7800,0.4950,0.7700,0.8850,0.9350,0.6500,0.6200,0.4400,0.4100
1201,Year End,TTM,2018-12,2017-12,2016-12,2015-12,2014-12,2013-12,2012-12,2011-12,2010-12,2009-12
1201,Revenue,—,3,29,46,63,81,—,2,175,215,60
1201,NP,-4,-3,-114,-62,38,49,74,-100,-74,-35,-65
1201,EPS,—,—,-0.03,-0.02,0.01,0.01,0.12,-0.22,-0.17,-0.10,-0.19
1201,DPS,—,—,—,—,—,—,—,—,—,—,—
1201,Div Payout,—,—,—,—,—,—,—,—,—,—,—
1201,Shares,"4,253","4,253","3,938","3,755","3,490","3,520",616,454,435,341,341
1201,BVPS,0.12,0.10,0.15,0.19,0.19,0.17,-0.05,-0.30,0.04,0.05,—
1201,OCF,-1,-1,-15,-50,-3,-33,-122,20,18,55,70
1201,FCF,-1,-1,-15,-50,-3,-35,-424,14,13,-3,-208
1201,NP Margin,—,-89.84,-392.37,-133.64,60.44,60.29,—,—,-42.07,-16.53,-107.73
1201,ROE,-0.90,-0.51,-19.36,-9.63,6.00,9.43,50.94,—,—,-104.83,-79.46
1201,Revenue GR,-100.00,-89.72,-37.42,-25.85,-22.85,—,—,-99.12,-18.49,—,—
1201,Revenue GR 3Y avg,—,-63.73,-28.99,—,243.55,-22.61,—,-70.56,-3.49,—,—
1201,Revenue GR 5Y avg,—,—,79.85,-23.32,-21.85,6.05,—,-64.46,-1.11,—,—
1201,Revenue GR 10Y avg,—,-34.15,-20.05,-12.92,—,—,—,—,—,—,—
1201,NP GR,—,—,—,—,—,—,—,—,—,—,—
1201,NP GR 3Y avg,—,—,—,—,—,—,—,—,—,—,—
1201,NP GR 5Y avg,—,—,—,—,—,—,—,—,—,—,—
1201,NP GR 10Y avg,0.0,0.0,0.0,0.0,0.0,0.0,0.0,0.0,0.0,0.0,0.0
1201,EPS GR,—,—,—,—,-22.30,-88.37,—,—,—,—,—
1201,EPS GR 3Y avg,—,—,—,—,—,—,—,—,—,—,—
1201,EPS GR 5Y avg,—,—,—,—,—,—,—,—,—,—,—
1201,EPS GR 10Y avg,—,—,—,—,—,—,—,—,—,—,—
1201,OCF GR,—,—,—,—,—,—,—,11.46,-67.08,—,—
1201,FCF GR,—,—,—,—,—,—,—,5.94,—,—,—
1201,D/E,—,—,—,—,—,—,—,—,—,29.89,0.75
1201,Price,0.0100,0.0100,0.0500,0.0750,0.1250,0.2050,0.2750,0.1900,0.2200,0.2800,0.3100
1287,Year End,TTM,2020-06,2019-06,2018-06,2017-06,2014-12,2013-12,2012-12,2011-12,2010-12,2009-12
1287,Revenue,3,6,8,9,9,9,12,11,11,10,18
1287,NP,-1,-3,-1,-1,—,-3,-10,-39,1,3,6
1287,EPS,—,—,—,—,—,—,-0.01,-0.04,—,—,0.01
1287,DPS,—,—,—,—,—,—,—,—,—,—,—
1287,Div Payout,—,—,—,—,—,—,—,—,—,—,—
1287,Shares,929,929,929,929,929,929,929,929,929,929,929
1287,BVPS,0.03,0.03,0.05,0.06,0.06,—,—,—,—,—,—
1287,OCF,—,—,—,2,2,3,3,3,4,2,—
1287,FCF,—,—,-1,1,2,2,2,2,4,1,—
1287,NP Margin,-26.50,-56.45,-16.19,-14.18,1.16,-31.43,-89.04,-353.77,13.03,31.38,32.37
1287,ROE,-2.67,-10.54,-2.87,-2.29,0.19,-5.04,-15.82,-43.62,1.31,3.10,5.82
1287,Revenue GR,-63.75,-24.82,-11.87,-1.89,-0.03,-19.13,4.40,1.75,4.19,—,—
1287,Revenue GR 3Y avg,—,-13.37,-3.19,-5.03,-3.71,-4.94,3.44,-15.24,-20.90,—,—
1287,Revenue GR 5Y avg,—,-9.43,-4.74,-2.61,-1.70,-12.46,-12.07,-15.16,-20.07,—,—
1287,Revenue GR 10Y avg,—,-10.58,-9.41,-10.62,—,—,—,—,—,—,—
1287,NP GR,—,—,—,—,—,—,—,—,—,—,—
1287,NP GR 3Y avg,—,—,—,—,-40.79,—,—,—,6.73,—,—
1287,NP GR 5Y avg,—,—,—,—,—,—,—,—,—,—,—
1287,NP GR 10Y avg,0.0,0.0,0.0,0.0,0.0,0.0,0.0,0.0,0.0,0.0,0.0
1287,EPS GR,-91.67,—,—,—,—,—,—,—,-57.14,—,—
1287,EPS GR 3Y avg,—,—,—,—,—,—,—,—,—,—,—
1287,EPS GR 5Y avg,—,—,—,—,-42.12,—,—,—,6.40,—,—
1287,EPS GR 10Y avg,—,—,—,—,—,—,—,—,—,—,—
1287,OCF GR,—,—,—,-25.71,-8.21,0.92,-15.54,-27.17,153.70,—,—
1287,FCF GR,—,—,—,-50.91,-6.50,7.26,-16.39,-38.44,277.73,—,—
1287,D/E,0.44,0.44,0.40,0.27,0.29,0.33,0.33,—,0.13,0.14,0.27
1287,Price,0.1100,0.1750,0.0800,0.1250,0.1600,0.2700,0.4850,0.0700,0.0500,0.0500,0.0600
1503,Year End,TTM,2020-06,2019-06,2018-06,2017-06,2016-06,2015-06,2014-06,2013-06,2012-06,2011-06
1503,Revenue,703,423,414,309,286,315,196,237,263,116,143
1503,NP,51,-54,-33,38,122,114,189,153,42,27,20
1503,EPS,0.08,-0.08,-0.05,0.03,0.18,0.17,0.28,0.23,0.06,0.04,0.03
1503,DPS,—,0.02,0.02,0.02,0.02,0.02,0.02,0.02,0.02,0.02,0.02
1503,Div Payout,—,—,—,23.2,6.5,6.8,10.3,24.4,23.9,67.1,—
1503,Shares,670,670,670,670,670,670,671,671,671,670,670
1503,BVPS,1.85,1.78,1.86,1.95,1.90,1.62,1.36,1.20,1.12,1.08,—
1503,OCF,313,-24,21,-20,84,63,81,-18,67,-32,20
1503,FCF,313,-25,12,-47,-104,-6,33,-29,62,-150,14
1503,NP Margin,7.26,-12.86,-7.92,12.36,42.65,36.19,96.58,64.78,15.94,22.81,13.98
1503,ROE,4.01,-4.31,-2.47,2.84,9.53,9.72,18.20,17.42,5.35,3.45,2.59
1503,Revenue GR,241.53,2.15,33.88,8.24,-9.35,61.11,-17.33,-10.14,126.31,-18.52,—
1503,Revenue GR 3Y avg,—,13.97,9.52,16.49,6.48,6.17,18.91,18.33,17.93,12.36,—
1503,Revenue GR 5Y avg,—,16.67,11.84,3.27,19.68,17.15,4.03,23.60,16.99,-4.44,—
1503,Revenue GR 10Y avg,—,10.17,17.57,9.91,6.94,9.18,—,—,—,—,—
1503,NP GR,—,—,—,-41.30,-7.36,39.54,92.36,97.27,44.31,—,—
1503,NP GR 3Y avg,—,—,—,-1.86,35.64,41.70,68.36,—,0.35,-11.72,—
1503,NP GR 5Y avg,—,—,—,-0.76,9.43,8.43,—,—,—,—,—
1503,NP GR 10Y avg,0.0,0.0,0.0,0.0,0.0,0.0,0.0,0.0,0.0,0.0,0.0
1503,EPS GR,-823.02,—,—,-68.65,6.82,-39.56,23.24,265.60,57.83,32.89,—
1503,EPS GR 3Y avg,—,—,—,-41.29,-7.34,39.65,92.30,97.19,44.20,—,—
1503,EPS GR 5Y avg,—,—,—,-1.83,35.64,41.69,68.31,—,0.31,-11.71,—
1503,EPS GR 10Y avg,—,—,—,-0.77,9.43,8.86,—,—,—,—,—
1503,OCF GR,—,—,—,—,33.87,-23.37,—,—,—,—,—
1503,FCF GR,—,—,—,—,—,—,—,—,—,—,—
1503,D/E,0.47,0.75,0.68,0.69,0.87,0.71,0.70,0.87,0.98,1.04,0.70
1503,Price,0.7200,0.5100,0.7300,0.8800,1.2100,1.2500,1.2700,1.1500,1.1900,0.8100,1.1100
1589,Year End,TTM,2020-12,2019-12,2018-12,2017-12,2016-12,2015-12,2014-12,2013-12,2012-12,2011-12
1589,Revenue,97,108,219,122,272,77,182,158,253,181,114
1589,NP,-1,-2,-5,-7,48,-16,7,3,27,13,3
1589,EPS,—,—,—,-0.01,0.06,0.02,0.01,0.01,0.04,0.02,—
1589,DPS,—,—,—,—,—,—,—,—,—,—,—
1589,Div Payout,—,—,—,—,—,—,—,—,—,—,—
1589,Shares,837,837,837,837,818,737,670,670,670,670,670
1589,BVPS,0.82,0.96,0.96,0.97,1.09,0.81,0.84,0.82,0.78,0.77,0.75
1589,OCF,57,61,-10,-64,-80,-59,109,-129,-14,-5,—
1589,FCF,57,61,-10,-64,-80,-59,108,-130,-14,-5,—
1589,NP Margin,-0.99,-1.55,-2.17,-5.41,17.71,-20.92,3.76,2.13,10.54,7.21,2.26
1589,ROE,-0.12,-0.21,-0.59,-0.81,6.82,-2.79,1.24,0.62,5.04,2.56,0.51
1589,Revenue GR,-60.69,-50.58,79.46,-55.09,254.83,-57.83,15.00,-37.58,40.03,58.01,986.02
1589,Revenue GR 3Y avg,—,-26.42,41.94,-12.41,19.83,-32.86,0.17,11.36,188.57,122.19,266.40
1589,Revenue GR 5Y avg,—,-9.83,6.76,-13.57,8.50,-7.70,76.74,57.16,155.48,113.74,79.47
1589,Revenue GR 10Y avg,—,26.24,29.53,48.60,52.29,28.70,43.56,—,—,—,—
1589,NP GR,—,—,—,—,142.80,—,-19.34,9.21,94.36,-1.49,—
1589,NP GR 3Y avg,—,—,—,—,29.87,—,13.49,-24.42,—,65.10,15.62
1589,NP GR 5Y avg,—,—,—,—,46.43,—,—,—,—,—,—
1589,NP GR 10Y avg,0.0,0.0,0.0,0.0,0.0,0.0,0.0,0.0,0.0,0.0,0.0
1589,EPS GR,-11.54,—,—,—,—,—,104.00,-87.44,105.15,397.44,-27.78
1589,EPS GR 3Y avg,—,—,—,—,127.41,—,-19.29,8.63,94.61,-1.50,—
1589,EPS GR 5Y avg,—,—,—,—,24.83,—,13.56,-24.44,—,64.72,15.90
1589,EPS GR 10Y avg,—,—,—,—,43.39,—,—,—,—,—,—
1589,OCF GR,—,—,—,—,—,—,—,—,—,—,—
1589,FCF GR,—,—,—,—,—,—,—,—,—,—,—
1589,D/E,—,—,0.08,0.29,0.26,0.02,0.20,0.37,—,—,—
1589,Price,0.4650,0.5750,0.8800,0.4200,1.4300,0.8050,1.0100,1.2700,1.2900,0.7000,0.7000
1643,Year End,TTM,2020-12,2019-12,2018-12,2017-12,2016-12,2015-12,2014-12,2013-12,2012-12,2011-12
1643,Revenue,14,38,115,109,104,83,62,54,40,50,42
1643,NP,74,62,-100,-37,-30,-28,-12,-5,-5,-2,-12
1643,EPS,0.14,0.12,-0.19,-0.07,-0.06,-0.06,-0.03,-0.01,-0.01,—,-0.03
1643,DPS,—,—,—,—,—,—,—,—,—,—,—
1643,Div Payout,—,—,—,—,—,—,—,—,—,—,—
1643,Shares,557,539,529,529,511,481,481,481,481,481,481
1643,BVPS,2.78,2.99,3.14,3.24,3.34,3.68,3.71,3.67,3.69,3.70,3.53
1643,OCF,-44,-28,-20,-3,-44,-27,-22,-27,-42,1,-7
1643,FCF,-49,-35,-50,-32,-51,-36,-26,-39,-60,-11,-14
1643,NP Margin,531.17,164.86,-87.23,-34.29,-28.73,-33.60,-19.47,-9.91,-12.02,-4.53,-29.25
1643,ROE,4.10,3.42,-5.75,-2.18,-1.71,-1.59,-0.68,-0.30,-0.27,-0.13,-0.72
1643,Revenue GR,-92.43,-67.05,5.37,5.05,24.84,34.30,15.52,35.00,-19.99,19.43,0.87
1643,Revenue GR 3Y avg,—,-28.55,11.38,20.76,24.65,27.95,7.66,8.86,-1.22,1.99,-5.17
1643,Revenue GR 5Y avg,—,-9.37,16.48,22.39,15.91,14.89,8.50,2.76,-4.01,-13.63,-19.35
1643,Revenue GR 10Y avg,—,-0.84,9.40,8.39,0.05,-3.74,—,—,—,—,—
1643,NP GR,—,—,—,—,—,—,—,—,—,—,—
1643,NP GR 3Y avg,—,—,—,—,—,—,—,—,—,—,—
1643,NP GR 5Y avg,—,—,—,—,—,—,—,—,—,—,—
1643,NP GR 10Y avg,0.0,0.0,0.0,0.0,0.0,0.0,0.0,0.0,0.0,0.0,0.0
1643,EPS GR,-98.28,—,—,—,—,—,—,—,—,—,—
1643,EPS GR 3Y avg,—,—,—,—,—,—,—,—,—,—,—
1643,EPS GR 5Y avg,—,—,—,—,—,—,—,—,—,—,—
1643,EPS GR 10Y avg,—,—,—,—,—,—,—,—,—,—,—
1643,OCF GR,—,—,—,—,—,—,—,—,—,—,—
1643,FCF GR,—,—,—,—,—,—,—,—,—,—,—
1643,D/E,0.07,0.07,0.07,0.07,0.04,0.03,0.04,0.05,0.05,—,0.04
1643,Price,0.5000,0.3400,0.4800,0.4550,0.7950,0.6900,1.0000,0.9800,1.0700,0.9600,1.0800
1694,Year End,TTM,2020-06,2019-06,2018-06,2017-06,2016-06,2015-06,2014-06,2013-06,2012-06,2011-12
1694,Revenue,47,48,42,43,105,179,277,273,238,226,11
1694,NP,5,3,2,13,11,33,55,30,17,4,-10
1694,EPS,0.01,0.01,—,0.03,0.02,0.07,0.11,0.06,0.03,0.01,-0.02
1694,DPS,—,—,—,—,—,—,—,—,—,—,—
1694,Div Payout,—,—,—,—,—,—,—,—,—,—,—
1694,Shares,481,481,481,481,481,481,481,481,481,481,481
1694,BVPS,0.68,0.67,0.66,0.64,0.63,0.56,0.53,0.42,0.36,0.30,—
1694,OCF,115,79,98,88,51,32,-71,-138,-157,-98,-41
1694,FCF,115,79,98,88,51,33,-71,-139,-158,-98,-41
1694,NP Margin,11.50,5.75,5.51,31.08,10.77,18.35,19.92,10.89,7.29,1.69,-93.06
1694,ROE,1.67,0.87,0.73,4.28,3.79,11.88,23.72,15.51,10.24,2.39,-6.92
1694,Revenue GR,219840.00,15.00,-1.57,-59.29,-41.26,-35.32,1.40,14.53,5.23,—,-71.89
1694,Revenue GR 3Y avg,—,-22.76,-38.26,-46.32,-27.23,-9.10,6.91,257.84,103.95,199.10,-13.01
1694,Revenue GR 5Y avg,—,-29.43,-31.18,-29.06,-14.22,84.78,53.59,91.55,79.50,59.20,-9.56
1694,Revenue GR 10Y avg,—,2.00,11.75,10.11,14.97,26.86,—,—,—,—,—
1694,NP GR,—,-37.33,-58.66,-37.74,-27.51,23.67,143.16,—,322.47,3.12,—
1694,NP GR 3Y avg,—,-44.95,-39.95,-5.18,24.18,—,187.83,60.36,—,—,—
1694,NP GR 5Y avg,—,20.49,-4.38,—,—,—,—,—,—,—,—
1694,NP GR 10Y avg,0.0,0.0,0.0,0.0,0.0,0.0,0.0,0.0,0.0,0.0,0.0
1694,EPS GR,200.00,20.83,-82.67,17.59,-65.50,-40.43,85.52,71.08,351.39,—,—
1694,EPS GR 3Y avg,—,-37.32,-58.73,-37.71,-27.49,23.66,142.87,—,322.50,3.23,—
1694,EPS GR 5Y avg,—,-44.94,-40.01,-5.17,24.11,—,187.80,60.33,—,—,—
1694,EPS GR 10Y avg,—,20.49,-4.44,—,—,—,—,—,—,—,—
1694,OCF GR,—,-19.14,11.99,71.56,55.53,—,—,—,—,—,—
1694,FCF GR,—,-19.15,11.98,71.60,55.48,—,—,—,—,—,—
1694,D/E,1.43,1.05,0.65,0.78,2.05,2.21,2.17,2.04,1.58,0.69,0.47
1694,Price,0.4800,0.3550,0.3300,0.4400,0.9300,0.9000,0.7950,1.2800,0.3500,0.2500,0.2200
1902,Year End,TTM,2020-06,2019-06,2018-06,2017-06,2016-06,2015-06,2014-06,2013-06,2012-06,2011-06
1902,Revenue,—,1,1,24,27,24,27,33,31,43,50
1902,NP,-8,96,-29,-26,-22,-18,-11,-26,—,-7,4
1902,EPS,-0.05,0.64,-0.19,-0.18,-0.14,-0.12,-0.07,-0.17,—,-0.03,0.03
1902,DPS,—,—,—,—,—,—,—,—,—,—,—
1902,Div Payout,—,—,—,—,—,—,—,—,—,—,—
1902,Shares,—,150,150,150,150,150,150,150,150,150,150
1902,BVPS,1.35,1.37,0.47,0.66,0.90,1.06,0.75,1.00,0.76,0.79,—
1902,OCF,32,-103,-3,-2,4,4,1,2,-5,14,7
1902,FCF,32,-103,-3,-2,2,1,-12,-12,-16,-9,-5
1902,NP Margin,—,—,—,-107.99,-79.49,-74.51,-38.65,-80.81,-1.39,-15.56,8.17
1902,ROE,-3.77,69.16,-37.79,-24.06,-15.99,-13.88,-9.28,-18.39,-0.31,-5.76,3.50
1902,Revenue GR,42.78,61.01,-97.91,-11.46,15.95,-14.28,-15.76,5.35,-28.47,-14.02,—
1902,Revenue GR 3Y avg,—,-69.00,-72.21,-4.17,-5.75,-8.71,-14.05,-13.47,-7.61,-5.31,—
1902,Revenue GR 5Y avg,—,-50.54,-56.55,-4.82,-8.80,-14.09,-6.89,-8.54,-16.73,-3.47,—
1902,Revenue GR 10Y avg,—,-32.13,-36.96,-10.98,-6.17,-5.60,—,—,—,—,—
1902,NP GR,—,—,—,—,—,—,—,—,—,—,—
1902,NP GR 3Y avg,—,—,—,—,—,—,—,—,—,—,—
1902,NP GR 5Y avg,—,—,—,—,—,—,—,—,—,—,—
1902,NP GR 10Y avg,0.0,0.0,0.0,0.0,0.0,0.0,0.0,0.0,0.0,0.0,0.0
1902,EPS GR,-191.79,—,—,—,—,—,—,—,—,—,—
1902,EPS GR 3Y avg,—,—,—,—,—,—,—,—,—,—,—
1902,EPS GR 5Y avg,—,—,—,—,—,—,—,—,—,—,—
1902,EPS GR 10Y avg,—,—,—,—,—,—,—,—,—,—,—
1902,OCF GR,—,—,—,—,-1.92,360.02,-59.29,—,—,91.29,—
1902,FCF GR,—,—,—,—,154.57,—,—,—,—,—,—
1902,D/E,—,—,—,—,—,—,1.04,0.91,0.60,0.89,0.79
1902,Price,0.5500,0.2900,0.3100,0.1550,0.2400,0.2200,0.2900,0.4300,0.3350,0.4300,0.4100
2097,Year End,TTM,2019-12,2018-12,2017-12,2016-12,2015-12,2014-12,2013-12,2012-12,2011-12,2010-12
2097,Revenue,13,18,21,18,24,32,34,39,36,77,32
2097,NP,-13,-13,-7,-8,-5,9,7,5,1,17,7
2097,EPS,-0.04,-0.05,-0.03,-0.03,-0.02,0.04,0.03,0.02,0.01,0.08,0.03
2097,DPS,—,—,—,—,—,—,—,—,—,—,—
2097,Div Payout,—,—,—,—,—,—,—,—,—,—,—
2097,Shares,324,275,246,246,246,246,246,228,223,223,223
2097,BVPS,0.43,—,—,—,—,—,—,—,—,—,—
2097,OCF,2,—,-4,1,-6,-12,-31,-8,-2,44,-5
2097,FCF,2,-1,-4,1,-6,-15,-32,-8,-2,44,-6
2097,NP Margin,-101.72,-70.76,-33.60,-44.83,-19.80,27.68,19.83,12.90,3.62,21.91,22.57
2097,ROE,-8.07,-7.39,-3.98,-4.25,-2.47,4.57,3.64,2.95,0.80,10.99,5.05
2097,Revenue GR,-35.46,-15.16,20.08,-26.55,-23.70,-6.33,-14.09,9.01,-53.25,143.30,—
2097,Revenue GR 3Y avg,—,-9.22,-12.37,-19.33,-15.01,-4.27,-24.07,7.43,-12.43,3.77,—
2097,Revenue GR 5Y avg,—,-11.77,-11.54,-13.24,-20.74,-0.05,-8.86,-10.65,-14.07,11.71,—
2097,Revenue GR 10Y avg,—,-10.33,-11.10,-13.65,-5.90,—,—,—,—,—,—
2097,NP GR,—,—,—,—,—,88.58,-26.54,-10.86,-50.36,—,—
2097,NP GR 3Y avg,—,—,—,—,—,4.12,-8.89,—,—,—,—
2097,NP GR 5Y avg,—,—,—,—,—,—,—,—,—,—,—
2097,NP GR 10Y avg,0.0,0.0,0.0,0.0,0.0,0.0,0.0,0.0,0.0,0.0,0.0
2097,EPS GR,-31.21,—,—,—,—,30.77,22.97,276.27,-92.21,135.83,—
2097,EPS GR 3Y avg,—,—,—,—,—,82.22,-28.82,-11.57,-50.21,—,—
2097,EPS GR 5Y avg,—,—,—,—,—,2.15,-10.60,—,—,—,—
2097,EPS GR 10Y avg,—,—,—,—,—,—,—,—,—,—,—
2097,OCF GR,—,—,—,—,—,—,—,—,—,—,—
2097,FCF GR,—,—,—,—,—,—,—,—,—,—,—
2097,D/E,0.31,0.15,0.16,0.15,0.14,0.13,0.12,0.01,0.03,0.03,0.05
2097,Price,0.1400,0.0800,0.0950,0.1350,0.1850,0.3100,0.4250,0.4750,0.4400,0.2300,0.1600
2143,Year End,TTM,2020-12,2019-12,2018-12,2017-12,2016-01,2015-01,2014-01,2013-01,2012-01,2011-01
2143,Revenue,12,12,11,20,20,37,49,28,2,36,29
2143,NP,-22,-22,30,5,1,11,28,12,-42,32,65
2143,EPS,-0.05,-0.05,0.06,0.01,—,0.04,0.11,0.04,-0.05,0.04,0.08
2143,DPS,—,—,—,—,—,—,—,0.48,0.02,0.02,0.02
2143,Div Payout,—,—,—,—,—,—,—,—,—,—,—
2143,Shares,480,480,480,396,287,287,288,310,829,829,839
2143,BVPS,0.36,0.39,0.43,0.34,0.51,—,—,—,—,—,—
2143,OCF,30,-13,37,4,2,7,-2,-43,-246,260,-279
2143,FCF,-35,-79,28,-8,1,5,-2,-43,-255,245,-298
2143,NP Margin,-188.46,-182.42,274.37,25.84,4.33,30.49,57.49,43.87,—,87.23,221.23
2143,ROE,-11.63,-11.38,16.11,3.21,0.60,3.82,6.81,1.90,-4.37,3.14,6.66
2143,Revenue GR,0.86,7.22,-44.38,-1.63,-26.70,-25.33,75.32,1623.45,-95.51,22.73,—
2143,Revenue GR 3Y avg,—,-16.29,-26.36,-20.61,-7.99,182.56,10.72,-1.69,-60.37,7.40,—
2143,Revenue GR 5Y avg,—,-21.34,-14.53,52.68,-9.37,4.46,13.46,-0.83,-42.56,-21.28,—
2143,Revenue GR 10Y avg,—,-6.97,-8.51,-2.42,-15.02,-7.27,—,—,—,—,—
2143,NP GR,—,—,29.03,-35.27,-49.07,—,-3.64,-42.67,—,83.53,—
2143,NP GR 3Y avg,—,—,16.50,—,-45.43,-29.73,-7.11,19.21,—,9.38,—
2143,NP GR 5Y avg,—,—,17.73,-22.44,-24.97,-14.38,—,—,—,—,—
2143,NP GR 10Y avg,0.0,0.0,0.0,0.0,0.0,0.0,0.0,0.0,0.0,0.0,0.0
2143,EPS GR,6.67,—,386.15,319.35,-73.84,-58.64,147.10,—,—,-50.59,—
2143,EPS GR 3Y avg,—,—,11.98,-40.30,-47.84,—,36.70,-20.06,—,87.52,—
2143,EPS GR 5Y avg,—,—,8.17,—,-34.63,-12.19,15.12,46.80,—,9.62,—
2143,EPS GR 10Y avg,—,—,24.40,-16.73,-17.17,-5.68,—,—,—,—,—
2143,OCF GR,—,—,947.15,127.35,-54.73,—,—,—,—,—,—
2143,FCF GR,—,—,—,—,-49.58,—,—,—,—,—,—
2143,D/E,0.12,0.12,0.10,0.06,—,—,—,—,—,—,—
2143,Price,0.2300,0.2300,0.2700,0.2800,0.5300,0.3400,0.3200,0.9900,1.0100,0.8700,0.7300
2224,Year End,TTM,2020-03,2019-03,2018-03,2017-03,2016-03,2015-03,2014-03,2013-03,2012-03,2011-03
2224,Revenue,154,244,256,217,221,217,401,377,279,354,346
2224,NP,-23,-4,24,84,57,43,67,62,48,46,30
2224,EPS,-0.05,-0.01,0.06,0.10,0.13,0.10,0.16,0.15,0.11,0.11,0.07
2224,DPS,—,0.02,0.03,0.03,0.03,0.03,0.03,0.03,0.03,0.03,0.02
2224,Div Payout,—,37.8,99.2,7.8,70.4,17.6,21.3,24.9,28.8,24.6,—
2224,Shares,—,426,426,426,426,426,426,426,426,426,426
2224,BVPS,1.95,2.01,2.07,2.24,1.95,1.96,1.72,1.58,1.48,1.39,—
2224,OCF,-2,40,-28,-96,54,23,62,102,34,61,101
2224,FCF,-12,37,-38,-97,53,19,60,95,31,56,96
2224,NP Margin,-15.22,-1.84,9.53,38.48,25.98,19.90,16.72,16.48,17.21,12.90,8.72
2224,ROE,-2.77,-0.53,2.81,9.49,6.78,5.44,9.08,9.22,7.68,7.79,5.63
2224,Revenue GR,-25.79,-4.79,17.76,-1.37,1.82,-45.93,6.16,35.30,-21.33,2.44,—
2224,Revenue GR 3Y avg,—,3.41,5.75,-18.41,-16.39,-8.08,4.16,2.93,5.95,29.27,—
2224,Revenue GR 5Y avg,—,-9.45,-7.45,-4.85,-9.06,-8.95,11.31,18.12,1.36,26.95,—
2224,Revenue GR 10Y avg,—,0.39,4.55,-1.79,7.45,4.63,—,—,—,—,—
2224,NP GR,—,—,-17.25,7.72,-2.69,-3.53,13.56,27.26,38.77,38.41,—
2224,NP GR 3Y avg,—,—,-17.05,11.76,4.61,7.39,30.10,29.24,-13.15,14.65,—
2224,NP GR 5Y avg,—,—,3.54,-1.48,9.51,10.17,—,—,—,—,—
2224,NP GR 10Y avg,0.0,0.0,0.0,0.0,0.0,0.0,0.0,0.0,0.0,0.0,0.0
2224,EPS GR,-89.89,—,-70.82,46.13,32.94,-35.65,7.68,29.57,4.94,51.55,—
2224,EPS GR 3Y avg,—,—,-17.24,7.73,-2.70,-3.53,13.55,27.25,38.70,38.37,—
2224,EPS GR 5Y avg,—,—,-17.05,11.77,4.61,7.39,30.07,29.22,-13.15,14.64,—
2224,EPS GR 10Y avg,—,—,3.53,-1.48,9.51,10.16,—,—,—,—,—
2224,OCF GR,—,—,—,—,135.38,-63.24,-38.73,195.62,-43.84,-38.90,—
2224,FCF GR,—,—,—,—,174.37,-67.78,-37.10,204.12,-44.85,-41.30,—
2224,D/E,0.22,0.16,0.16,0.17,0.39,0.36,0.44,0.48,0.66,0.65,0.71
2224,Price,0.5200,0.5200,0.4200,0.6600,0.8100,0.9500,0.9350,1.0000,1.0000,0.8150,0.7000
2259,Year End,TTM,2019-01,2018-01,2017-01,2016-01,2015-01,2014-01,2013-01,2012-01,2011-01,2010-01
2259,Revenue,49,72,57,113,156,205,217,213,637,183,254
2259,NP,20,-26,-23,-35,-21,-138,10,-20,-126,167,8
2259,EPS,—,-0.01,-0.01,-0.01,-0.01,-0.03,—,-0.01,-0.03,0.06,—
2259,DPS,—,—,—,—,—,—,—,—,—,—,—
2259,Div Payout,—,—,—,—,—,—,—,—,—,—,—
2259,Shares,"4,293","4,220","4,218","4,218","4,218","4,174","4,459","4,059","3,802","2,878","4,585"
2259,BVPS,0.07,—,—,—,—,—,—,—,—,—,—
2259,OCF,10,53,—,75,56,139,-36,15,78,56,9
2259,FCF,9,53,—,75,56,138,-37,14,76,53,9
2259,NP Margin,40.52,-36.24,-41.29,-30.54,-13.66,-67.56,4.81,-9.47,-19.83,91.11,3.28
2259,ROE,5.24,-7.04,-5.89,-8.09,-4.69,-26.72,1.84,-3.56,-21.26,27.29,1.66
2259,Revenue GR,37.03,26.91,-49.83,-27.39,-23.93,-5.62,1.92,-66.64,247.57,—,—
2259,Revenue GR 3Y avg,—,-22.68,-34.80,-19.51,-9.88,-31.54,5.72,-5.72,28.38,—,—
2259,Revenue GR 5Y avg,—,-19.79,-23.23,-29.25,-3.23,-4.22,-6.38,-3.06,24.08,—,—
2259,Revenue GR 10Y avg,—,-13.34,-13.73,-6.31,-12.62,—,—,—,—,—,—
2259,NP GR,—,—,—,—,—,—,-60.34,—,—,—,—
2259,NP GR 3Y avg,—,—,—,—,—,—,-29.33,—,—,—,—
2259,NP GR 5Y avg,—,—,—,—,—,—,—,—,—,—,—
2259,NP GR 10Y avg,0.0,0.0,0.0,0.0,0.0,0.0,0.0,0.0,0.0,0.0,0.0
2259,EPS GR,-212.50,—,—,—,—,—,—,—,—,—,—
2259,EPS GR 3Y avg,—,—,—,—,—,—,-65.92,—,—,—,—
2259,EPS GR 5Y avg,—,—,—,—,—,—,-40.68,—,—,—,—
2259,EPS GR 10Y avg,—,—,—,—,—,—,—,—,—,—,—
2259,OCF GR,—,—,—,33.30,-59.36,—,—,-80.59,39.57,—,—
2259,FCF GR,—,—,—,33.54,-59.18,—,—,-81.64,44.48,—,—
2259,D/E,0.14,0.01,0.15,0.17,0.18,0.26,0.36,0.31,0.17,0.22,0.49
2259,Price,0.0300,0.0300,0.0200,0.0300,0.0250,0.0400,0.0400,0.0550,0.0800,0.0650,0.0450
2283,Year End,TTM,2020-12,2019-12,2018-12,2017-12,2016-12,2015-12,2014-03,2013-03,2012-03,2011-03
2283,Revenue,50,52,81,73,71,223,413,250,128,187,35
2283,NP,38,36,3,-24,-74,-68,30,35,-78,14,-257
2283,EPS,0.04,0.04,0.01,-0.03,-0.09,-0.08,0.03,0.06,-0.14,0.02,-0.38
2283,DPS,—,—,—,—,—,—,—,—,—,—,—
2283,Div Payout,—,—,—,—,—,—,—,—,—,—,—
2283,Shares,845,845,845,845,845,845,892,610,563,674,674
2283,BVPS,0.11,0.06,0.05,0.06,0.15,0.21,0.27,—,—,—,—
2283,OCF,62,73,—,-4,-6,-37,-119,-137,-102,-71,-230
2283,FCF,62,73,—,-4,-6,-37,-119,-137,-103,-72,-231
2283,NP Margin,75.85,69.74,3.29,-32.53,-104.46,-30.35,7.38,14.08,-60.83,7.28,-736.75
2283,ROE,52.83,53.61,5.83,-41.56,-73.60,-40.09,15.96,25.23,-41.92,5.46,-72.46
2283,Revenue GR,-18.32,-35.70,11.36,2.27,-68.17,-46.05,33.08,95.46,-31.57,435.38,—
2283,Revenue GR 3Y avg,—,-9.86,-28.70,-44.00,-28.51,15.90,23.49,92.75,-49.58,-54.67,—
2283,Revenue GR 5Y avg,—,-33.95,-17.84,-9.40,-15.51,37.95,-14.22,-34.07,-37.79,-21.83,—
2283,Revenue GR 10Y avg,—,-24.02,-25.82,-23.92,-18.50,-8.12,—,—,—,—,—
2283,NP GR,—,—,—,—,—,—,23.96,—,—,—,—
2283,NP GR 3Y avg,—,3.50,-36.16,—,—,—,—,—,—,-29.96,—
2283,NP GR 5Y avg,—,—,—,—,—,—,—,—,—,—,—
2283,NP GR 10Y avg,0.0,0.0,0.0,0.0,0.0,0.0,0.0,0.0,0.0,0.0,0.0
2283,EPS GR,53.33,—,—,—,—,—,-26.11,—,—,—,—
2283,EPS GR 3Y avg,—,—,—,—,—,—,14.83,—,—,—,—
2283,EPS GR 5Y avg,—,4.76,-39.85,—,—,—,—,—,—,-29.61,—
2283,EPS GR 10Y avg,—,—,—,—,—,—,—,—,—,—,—
2283,OCF GR,—,—,—,—,—,—,—,—,—,—,—
2283,FCF GR,—,—,—,—,—,—,—,—,—,—,—
2283,D/E,4.98,5.43,10.82,8.04,5.32,3.29,1.55,0.68,1.10,1.24,—
2283,Price,0.1100,0.1150,0.0850,0.0250,0.1050,0.1200,0.2450,0.2650,0.2000,0.2800,0.4400
2429,Year End,TTM,2020-06,2019-06,2018-06,2017-06,2016-06,2015-06,2014-06,2013-06,2012-06,2009-12
2429,Revenue,3,3,3,20,10,11,6,9,30,20,25
2429,NP,-15,-17,-16,1,-11,-9,-15,-29,-83,—,5
2429,EPS,-0.01,-0.02,-0.02,—,-0.02,0.03,-0.04,-0.09,—,—,0.01
2429,DPS,—,—,—,—,—,—,—,—,—,—,—
2429,Div Payout,—,—,—,—,—,—,—,—,—,—,—
2429,Shares,"1,409",830,692,664,566,335,335,335,335,412,412
2429,BVPS,0.10,0.11,0.20,0.24,0.24,0.38,0.41,0.47,0.64,—,—
2429,OCF,10,-5,-6,-4,-7,-5,-16,-17,-9,9,—
2429,FCF,10,-5,-12,-12,-7,-5,-16,-17,-9,9,—
2429,NP Margin,-529.84,-510.97,-510.64,5.69,-110.45,-81.36,-229.82,-331.34,-277.27,2.38,20.67
2429,ROE,-10.07,-11.23,-10.09,0.71,-7.37,-5.53,-8.78,-15.86,-35.71,0.17,2.99
2429,Revenue GR,51.94,10.18,-84.76,92.12,-3.01,65.58,-26.57,-70.62,52.72,—,—
2429,Revenue GR 3Y avg,—,-31.41,-34.27,45.58,5.65,-29.05,-30.93,—,-0.91,-12.23,—
2429,Revenue GR 5Y avg,—,-12.32,-19.16,-7.82,-11.95,—,-21.52,-19.23,2.19,—,—
2429,Revenue GR 10Y avg,—,-17.64,-19.19,-2.29,—,—,—,—,—,—,—
2429,NP GR,—,—,—,—,—,—,—,—,—,-74.06,—
2429,NP GR 3Y avg,—,—,—,—,—,—,—,—,—,—,—
2429,NP GR 5Y avg,—,—,—,—,—,—,—,—,—,—,—
2429,NP GR 10Y avg,0.0,0.0,0.0,0.0,0.0,0.0,0.0,0.0,0.0,0.0,0.0
2429,EPS GR,-45.00,—,—,-91.63,—,—,—,—,—,—,—
2429,EPS GR 3Y avg,—,—,—,—,—,—,—,—,—,-73.65,—
2429,EPS GR 5Y avg,—,—,—,—,75.52,—,—,—,—,—,—
2429,EPS GR 10Y avg,—,—,—,—,—,—,—,—,—,—,—
2429,OCF GR,—,—,—,—,—,—,—,—,—,—,—
2429,FCF GR,—,—,—,—,—,—,—,—,—,—,—
2429,D/E,0.24,0.24,0.28,0.26,0.24,0.16,0.27,0.23,0.16,0.09,—
2429,Price,0.0500,0.0500,0.0450,0.1200,0.1050,0.0700,0.1350,0.1650,0.1850,0.1900,0.2600
2674,Year End,TTM,2020-12,2019-12,2018-12,2017-03,2016-03,2015-03,2014-03,2013-03,2012-03,2011-03
2674,Revenue,375,316,373,386,317,287,280,259,288,275,297
2674,NP,11,1,—,3,12,2,-1,-2,-3,2,6
2674,EPS,0.08,0.01,—,0.03,0.09,0.01,-0.01,-0.01,-0.02,0.01,0.05
2674,DPS,—,—,—,—,—,0.05,0.05,—,0.05,0.07,0.07
2674,Div Payout,—,—,—,—,—,—,—,—,—,—,—
2674,Shares,134,134,134,134,132,132,132,132,132,132,132
2674,BVPS,0.98,0.84,0.92,0.89,—,—,—,—,—,—,—
2674,OCF,-7,-12,35,-66,10,2,13,27,12,15,28
2674,FCF,-11,-16,14,-76,4,—,8,18,3,-8,15
2674,NP Margin,2.94,0.42,0.09,0.89,3.66,0.63,-0.53,-0.61,-1.02,0.61,2.07
2674,ROE,8.80,1.07,0.26,2.86,6.81,1.09,-0.86,-0.89,-1.60,0.89,3.19
2674,Revenue GR,71.60,-15.09,-3.37,11.78,10.34,2.75,7.93,-10.10,4.99,-7.44,—
2674,Revenue GR 3Y avg,—,-0.07,7.16,8.92,6.96,-0.10,0.62,-4.40,4.31,-3.22,—
2674,Revenue GR 5Y avg,—,2.16,6.51,5.18,2.92,-0.63,1.95,-3.07,—,—,—
2674,Revenue GR 10Y avg,—,2.06,1.94,0.26,—,—,—,—,—,—,—
2674,NP GR,—,-43.99,-36.83,—,—,—,—,—,—,—,—
2674,NP GR 3Y avg,—,—,—,—,47.08,-21.69,—,—,—,—,—
2674,NP GR 5Y avg,—,-12.72,—,-11.02,—,—,—,—,—,—,—
2674,NP GR 10Y avg,0.0,0.0,0.0,0.0,0.0,0.0,0.0,0.0,0.0,0.0,0.0
2674,EPS GR,-418.50,308.33,-90.63,-50.48,540.88,—,—,—,—,-72.77,—
2674,EPS GR 3Y avg,—,-44.22,-37.13,—,—,—,—,—,—,—,—
2674,EPS GR 5Y avg,—,—,—,—,46.98,-21.85,—,—,—,—,—
2674,EPS GR 10Y avg,—,-12.84,—,-11.09,—,—,—,—,—,—,—
2674,OCF GR,—,—,—,—,295.41,-80.62,-53.35,129.27,-23.32,-44.66,—
2674,FCF GR,—,—,—,—,—,—,-57.90,442.78,—,—,—
2674,D/E,1.14,1.15,0.89,1.14,—,—,—,—,—,—,—
2674,Price,0.7000,0.5950,0.4400,0.4400,0.8600,1.0900,0.9050,0.8050,0.7500,0.6500,0.6700
2682,Year End,TTM,2020-12,2019-12,2018-12,2017-12,2016-12,2015-12,2014-12,2013-12,2012-12,2011-12
2682,Revenue,7,7,5,4,20,58,70,80,93,154,145
2682,NP,-5,-4,-3,-4,6,5,-7,—,—,-8,-9
2682,EPS,-0.03,-0.02,-0.02,-0.02,0.04,0.03,-0.04,—,—,-0.06,-0.07
2682,DPS,—,—,—,—,—,—,—,—,—,—,—
2682,Div Payout,—,—,—,—,—,—,—,—,—,—,—
2682,Shares,275,167,167,167,161,152,149,138,138,138,139
2682,BVPS,0.47,0.79,0.81,0.84,0.84,0.74,0.76,0.76,0.69,0.68,0.59
2682,OCF,-4,-8,-17,-6,-9,13,1,10,19,20,5
2682,FCF,-33,-38,-17,-6,-9,13,1,10,19,20,5
2682,NP Margin,-68.17,-61.27,-54.84,-97.92,31.78,8.01,-9.32,0.50,-0.49,-5.24,-6.49
2682,ROE,-3.67,-3.00,-2.02,-2.98,4.62,3.82,-5.71,0.36,-0.44,-7.72,-9.87
2682,Revenue GR,98.67,29.87,17.74,-78.43,-65.87,-17.09,-13.16,-13.38,-39.62,6.04,24.56
2682,Revenue GR 3Y avg,—,-30.90,-55.74,-60.62,-37.36,-14.56,-23.13,-17.84,-7.27,11.29,-4.94
2682,Revenue GR 5Y avg,—,-37.77,-42.58,-46.00,-33.66,-16.77,-9.72,-6.34,-11.27,1.42,—
2682,Revenue GR 10Y avg,—,-25.04,-26.66,-30.78,-17.97,—,—,—,—,—,—
2682,NP GR,—,—,—,—,150.19,—,—,—,—,—,—
2682,NP GR 3Y avg,—,—,—,—,—,—,—,—,—,—,—
2682,NP GR 5Y avg,—,—,—,—,14.51,—,—,—,—,—,—
2682,NP GR 10Y avg,0.0,0.0,0.0,0.0,0.0,0.0,0.0,0.0,0.0,0.0,0.0
2682,EPS GR,88.57,—,—,—,27.76,—,—,—,—,—,—
2682,EPS GR 3Y avg,—,—,—,—,138.36,—,—,—,—,—,—
2682,EPS GR 5Y avg,—,—,—,—,—,—,—,—,—,—,—
2682,EPS GR 10Y avg,—,—,—,—,13.05,—,—,—,—,—,—
2682,OCF GR,—,—,—,—,—,—,-88.23,-47.12,-4.46,270.76,90.56
2682,FCF GR,—,—,—,—,—,—,-90.31,-45.63,-6.48,305.91,288.70
2682,D/E,0.21,0.20,0.03,—,—,—,—,—,—,—,0.03
2682,Price,0.2200,0.3250,0.2600,0.2100,0.3900,0.4350,0.3150,0.3100,0.3000,0.3400,0.3200
2739,Year End,TTM,2020-12,2019-12,2018-12,2017-12,2016-12,2015-12,2014-12,2013-12,2012-12,2011-12
2739,Revenue,25,21,788,996,892,41,271,"1,101","1,297","1,338","1,527"
2739,NP,-165,-182,-184,30,81,-227,-279,2,15,-83,-10
2739,EPS,-0.13,-0.15,-0.16,0.03,0.07,-0.20,-0.25,—,0.01,-0.07,-0.01
2739,DPS,—,—,—,—,—,—,—,—,—,—,—
2739,Div Payout,—,—,—,—,—,—,—,—,—,—,—
2739,Shares,"1,340","1,220","1,122","1,122","1,122","1,122","1,122","1,122","1,122","1,122","1,122"
2739,BVPS,0.04,0.07,0.30,0.33,0.31,0.42,0.73,0.62,0.59,0.55,0.62
2739,OCF,-45,-30,36,7,-10,—,12,-3,3,-4,4
2739,FCF,-47,-37,23,5,-22,-3,-25,-16,-2,-6,2
2739,NP Margin,-668.88,-885.55,-23.32,2.97,9.06,-560.59,-103.10,0.18,1.18,-6.19,-0.63
2739,ROE,-136.90,-143.73,-64.17,7.94,24.50,-54.12,-43.70,0.28,2.33,-12.34,-1.36
2739,Revenue GR,-91.00,-97.39,-20.94,11.74,2097.64,-85.02,-75.41,-15.11,-3.06,-12.34,8.52
2739,Revenue GR 3Y avg,—,-71.54,168.77,54.37,-6.79,-68.49,-41.29,-10.31,-2.66,1.49,1.61
2739,Revenue GR 5Y avg,—,-40.29,-6.48,-5.14,-7.80,-51.59,-28.07,-2.97,-2.27,9.47,15.88
2739,Revenue GR 10Y avg,—,-34.47,-4.74,-3.72,0.46,-25.10,—,—,—,—,—
2739,NP GR,—,—,—,—,243.26,—,—,—,33.80,—,—
2739,NP GR 3Y avg,—,—,—,14.04,—,—,—,—,94.94,—,—
2739,NP GR 5Y avg,—,—,—,49.10,-4.46,—,—,—,—,—,—
2739,NP GR 10Y avg,0.0,0.0,0.0,0.0,0.0,0.0,0.0,0.0,0.0,0.0,0.0
2739,EPS GR,-59.29,—,—,-63.33,—,—,—,-86.98,—,—,—
2739,EPS GR 3Y avg,—,—,—,—,243.27,—,—,—,33.78,—,—
2739,EPS GR 5Y avg,—,—,—,14.07,—,—,—,—,94.91,—,—
2739,EPS GR 10Y avg,—,—,—,49.11,-5.07,—,—,—,—,—,—
2739,OCF GR,—,—,434.83,—,—,-98.72,—,—,—,—,-73.62
2739,FCF GR,—,—,345.40,—,—,—,—,—,—,—,—
2739,D/E,0.03,0.06,0.02,—,—,—,—,—,—,—,—
2739,Price,0.1250,0.1600,0.1300,0.1500,0.3900,0.0250,0.0600,0.1100,0.1350,0.1400,0.2500
2755,Year End,TTM,2020-06,2019-06,2018-06,2017-06,2016-06,2015-06,2014-06,2013-06,2012-06,2011-06
2755,Revenue,24,21,29,32,27,27,26,27,34,37,36
2755,NP,16,19,4,-1,1,4,54,7,9,3,11
2755,EPS,0.06,0.07,0.01,—,—,0.02,0.22,0.03,0.04,0.01,0.05
2755,DPS,—,—,0.10,—,—,0.01,0.05,0.01,—,—,—
2755,Div Payout,—,—,—,—,—,237.1,—,112.0,—,—,—
2755,Shares,—,250,250,250,250,250,250,232,212,213,208
2755,BVPS,0.72,0.67,0.57,0.67,0.69,0.87,0.92,0.70,0.76,0.70,—
2755,OCF,-1,3,1,2,4,6,-18,25,5,6,-10
2755,FCF,-1,3,—,2,4,6,-18,25,5,6,-11
2755,NP Margin,66.96,91.02,12.13,-3.18,3.10,16.61,207.01,25.12,25.33,9.28,31.37
2755,ROE,9.11,12.26,2.22,-0.60,0.43,2.02,27.28,4.22,6.03,2.49,8.55
2755,Revenue GR,28.39,-27.11,-8.95,19.37,0.49,1.74,-4.50,-19.95,-7.27,3.75,—
2755,Revenue GR 3Y avg,—,-7.47,2.98,6.87,-0.79,-8.04,-10.84,-8.34,20.88,71.01,—
2755,Revenue GR 5Y avg,—,-4.13,1.19,-1.38,-6.24,-5.64,6.19,29.99,31.10,37.36,—
2755,Revenue GR 10Y avg,—,0.90,14.69,13.71,13.49,7.43,—,—,—,—,—
2755,NP GR,—,185.41,-7.26,—,-50.60,-20.10,151.01,-14.88,54.01,32.12,—
2755,NP GR 3Y avg,—,-18.66,-12.52,—,-24.69,-16.91,86.93,35.90,-18.35,-3.19,—
2755,NP GR 5Y avg,—,23.31,9.03,—,-14.61,—,—,—,—,—,—
2755,NP GR 10Y avg,0.0,0.0,0.0,0.0,0.0,0.0,0.0,0.0,0.0,0.0,0.0
2755,EPS GR,-26.27,446.10,—,—,-81.25,-91.86,627.95,-26.30,101.50,-62.69,—
2755,EPS GR 3Y avg,—,185.75,-7.12,—,-51.93,-24.13,121.11,-17.86,51.89,39.29,—
2755,EPS GR 5Y avg,—,-18.66,-13.84,—,-30.26,-19.97,79.82,32.04,-16.16,-22.60,—
2755,EPS GR 10Y avg,—,20.94,6.66,—,-26.53,—,—,—,—,—,—
2755,OCF GR,—,383.09,-72.84,-47.71,-26.58,—,—,376.89,-8.57,—,—
2755,FCF GR,—,748.91,-84.62,-49.63,-28.25,—,—,381.64,-5.45,—,—
2755,D/E,—,—,—,—,0.01,0.01,0.01,0.01,0.02,0.02,—
2755,Price,1.0400,0.5500,0.6500,0.8200,0.8700,0.9900,1.2100,0.9850,0.7450,0.7300,0.6100
2771,Year End,TTM,2020-12,2019-12,2018-12,2017-12,2016-12,2015-12,2014-12,2013-12,2012-12,2011-12
2771,Revenue,"7,707","7,881","10,322","10,186","10,020","8,371","8,663","10,608","11,212","10,211","8,555"
2771,NP,-434,-550,"-1,278",-469,462,369,13,408,479,416,611
2771,EPS,-0.21,-0.27,-0.63,-0.26,0.22,0.20,0.01,0.26,0.31,0.27,0.39
2771,DPS,—,—,—,0.07,0.12,0.15,0.14,0.19,0.20,0.23,0.19
2771,Div Payout,—,—,—,112.3,48.4,81.3,57.1,84.8,82.2,84.4,64.3
2771,Shares,"2,027","2,027","2,027","2,027","2,027","1,842","1,640","1,551","1,551","1,551","1,551"
2771,BVPS,1.82,2.05,3.10,3.59,3.51,3.41,3.29,3.18,3.06,3.00,2.73
2771,OCF,—,—,—,—,—,—,—,—,—,—,—
2771,FCF,663,313,882,-21,606,756,254,685,357,"-1,353",-70
2771,NP Margin,-5.64,-6.99,-12.39,-4.61,4.61,4.41,0.15,3.85,4.27,4.08,7.14
2771,ROE,-10.99,-13.66,-23.43,-6.85,6.60,5.84,0.23,7.35,9.68,9.15,14.07
2771,Revenue GR,-7.70,-23.65,1.33,1.66,19.70,-3.36,-18.34,-5.39,9.80,19.35,38.40
2771,Revenue GR 3Y avg,—,-7.69,7.23,5.55,-1.88,-9.28,-5.33,7.43,21.95,23.72,6.77
2771,Revenue GR 5Y avg,—,-1.87,-0.55,-1.90,-0.38,-0.44,6.98,14.49,9.79,12.16,15.77
2771,Revenue GR 10Y avg,—,2.46,6.71,3.78,5.71,7.36,16.24,—,—,—,—
2771,NP GR,—,—,—,—,4.21,-8.32,-68.36,-12.56,-8.49,-0.14,-2.93
2771,NP GR 3Y avg,—,—,—,—,2.09,-9.58,-53.77,-0.49,-6.43,-8.64,11.68
2771,NP GR 5Y avg,—,—,—,—,-3.42,0.49,-24.87,—,—,—,—
2771,NP GR 10Y avg,0.0,0.0,0.0,0.0,0.0,0.0,0.0,0.0,0.0,0.0,0.0
2771,EPS GR,-159.17,—,—,—,13.78,—,-96.76,-14.75,14.92,-31.76,12.95
2771,EPS GR 3Y avg,—,—,—,—,-4.69,-13.44,-68.33,-12.56,-3.96,-1.94,-7.82
2771,EPS GR 5Y avg,—,—,—,—,-3.24,-12.65,-52.38,-1.57,-9.29,-9.28,17.16
2771,EPS GR 10Y avg,—,—,—,—,-6.31,1.17,-25.81,—,—,—,—
2771,OCF GR,—,-70.35,53.68,11.71,-20.28,72.97,-54.32,64.31,—,—,420.76
2771,FCF GR,—,-64.52,—,—,-20.00,197.64,-62.92,92.13,—,—,—
2771,D/E,0.81,0.81,0.81,0.41,0.20,0.20,0.38,0.37,0.59,0.58,0.26
2771,Price,0.6000,0.6250,0.9500,1.4100,2.8900,2.6700,4.3000,4.8200,5.6200,5.2000,5.2500
2925,Year End,TTM,2020-12,2019-12,2018-12,2017-12,2016-12,2015-12,2014-12,2013-12,2012-12,2011-12
2925,Revenue,"1,161","1,084","1,143","1,513","1,420","1,486","1,580",922,645,656,678
2925,NP,—,-13,-39,22,-12,39,52,10,4,16,27
2925,EPS,—,-0.13,-0.39,0.20,-0.12,0.38,0.52,0.10,0.04,0.16,0.26
2925,DPS,—,—,—,—,0.05,0.05,—,—,—,0.10,0.10
2925,Div Payout,—,—,—,—,65.8,10.6,—,—,—,62.3,37.6
2925,Shares,101,101,101,101,101,101,101,101,101,101,101
2925,BVPS,2.38,2.35,2.69,2.88,2.93,2.91,2.48,2.04,1.97,1.92,1.75
2925,OCF,195,126,-4,-11,-51,-98,-30,91,-53,-36,7
2925,FCF,158,87,-41,-31,-122,-117,-37,90,-64,-47,6
2925,NP Margin,0.01,-1.20,-3.43,1.47,-0.88,2.63,3.30,1.12,0.66,2.46,3.93
2925,ROE,0.04,-5.36,-14.46,7.91,-4.41,14.09,22.23,5.08,2.16,8.39,14.49
2925,Revenue GR,35.62,-5.17,-24.45,6.56,-4.46,-5.93,71.28,43.02,-1.71,-3.21,15.06
2925,Revenue GR 3Y avg,—,-8.60,-8.37,-1.43,15.47,32.09,34.03,10.81,3.06,12.06,9.73
2925,Revenue GR 5Y avg,—,-7.26,4.39,18.60,16.70,17.00,21.81,14.62,4.68,0.81,2.46
2925,Revenue GR 10Y avg,—,6.29,9.38,11.42,8.46,9.49,—,—,—,—,—
2925,NP GR,—,—,—,-24.63,—,109.74,47.74,-27.05,-45.91,-11.91,-17.04
2925,NP GR 3Y avg,—,—,—,39.41,—,7.99,14.25,-15.26,-38.10,-0.33,-10.01
2925,NP GR 5Y avg,—,—,—,-7.10,—,-1.42,—,—,—,—,—
2925,NP GR 10Y avg,0.0,0.0,0.0,0.0,0.0,0.0,0.0,0.0,0.0,0.0,0.0
2925,EPS GR,-134.99,—,—,—,—,-24.99,404.29,143.71,-73.75,-39.30,-0.58
2925,EPS GR 3Y avg,—,—,—,-24.63,—,109.68,47.75,-27.05,-45.89,-11.91,-17.04
2925,EPS GR 5Y avg,—,—,—,39.39,—,7.99,14.25,-15.25,-38.09,-0.34,-10.01
2925,EPS GR 10Y avg,—,—,—,-7.10,—,-1.42,—,—,—,—,—
2925,OCF GR,—,—,—,—,—,—,—,—,—,—,-84.03
2925,FCF GR,—,—,—,—,—,—,—,—,—,—,-87.14
2925,D/E,0.38,0.39,0.48,0.21,0.23,—,—,—,—,—,—
2925,Price,2.4100,1.7500,2.1000,1.5300,2.1800,3.0000,3.3800,1.9200,2.4300,2.8400,3.2000
2984,Year End,TTM,2020-06,2019-06,2018-06,2017-06,2016-06,2015-06,2014-06,2013-06,2012-06,2011-06
2984,Revenue,44,34,39,38,56,52,56,61,42,245,252
2984,NP,2,2,1,-3,9,5,5,67,-8,-16,-7
2984,EPS,0.02,0.03,0.01,-0.03,0.10,0.06,0.06,0.80,-0.10,-0.19,-0.08
2984,DPS,—,0.01,—,0.04,0.03,0.03,0.03,0.03,—,—,0.04
2984,Div Payout,—,95.2,—,85.1,22.3,44.6,65.5,3.7,—,—,—
2984,Shares,84,84,84,84,84,84,84,84,84,84,84
2984,BVPS,2.73,2.70,2.59,2.58,2.58,2.46,2.41,2.51,1.74,1.99,—
2984,OCF,1,-5,—,1,6,5,—,-6,43,25,-18
2984,FCF,1,-5,-1,—,5,5,-1,-6,41,25,-19
2984,NP Margin,4.69,6.45,3.06,-7.37,15.26,8.95,8.47,110.31,-18.95,-6.48,-2.69
2984,ROE,0.91,1.00,0.55,-1.30,4.05,2.25,2.27,36.70,-5.10,-9.59,-3.84
2984,Revenue GR,67.50,-11.82,2.56,-32.07,7.58,-7.54,-7.86,44.71,-82.80,-3.10,—
2984,Revenue GR 3Y avg,—,-14.99,-9.16,-12.25,-2.86,7.23,-38.79,-37.75,-42.22,-8.62,—
2984,Revenue GR 5Y avg,—,-9.38,-8.58,-2.06,-25.59,-27.13,-23.78,-28.27,-37.53,-12.12,—
2984,Revenue GR 10Y avg,—,-16.89,-19.02,-21.78,-19.13,-17.98,—,—,—,—,—
2984,NP GR,—,-36.21,-36.48,—,-49.76,—,—,—,—,—,—
2984,NP GR 3Y avg,—,-14.18,-55.36,—,—,—,-15.10,—,—,—,—
2984,NP GR 5Y avg,—,-14.64,—,—,-7.42,—,—,—,—,—,—
2984,NP GR 10Y avg,0.0,0.0,0.0,0.0,0.0,0.0,0.0,0.0,0.0,0.0,0.0
2984,EPS GR,64.49,85.92,—,—,83.54,-2.30,-92.93,—,—,—,—
2984,EPS GR 3Y avg,—,-36.17,—,—,-49.76,—,—,—,—,—,—
2984,EPS GR 5Y avg,—,-14.15,—,—,—,—,-15.10,—,—,—,—
2984,EPS GR 10Y avg,—,-14.63,—,—,-7.42,—,—,—,—,—,—
2984,OCF GR,—,—,—,-88.41,2.16,—,—,—,68.41,—,—
2984,FCF GR,—,—,—,-92.64,4.61,—,—,—,66.93,—,—
2984,D/E,0.01,0.01,—,—,—,—,—,—,—,—,—
2984,Price,1.3300,1.2900,1.1900,1.3300,1.2800,1.0200,1.0500,1.3300,1.1500,0.4500,0.5000
3018,Year End,TTM,2020-12,2019-12,2018-12,2017-12,2016-12,2014-06,2013-06,2012-06,2011-06,2010-06
3018,Revenue,64,74,125,171,170,136,172,179,191,242,252
3018,NP,-28,-28,-23,12,13,2,-3,-79,-29,-2,-13
3018,EPS,-0.03,-0.03,-0.02,0.01,0.01,—,—,-0.10,-0.03,—,-0.02
3018,DPS,—,—,—,—,—,—,—,—,—,—,—
3018,Div Payout,—,—,—,—,—,—,—,—,—,—,—
3018,Shares,"1,023","1,023","1,023","1,023","1,023","1,023","1,023",813,776,"1,248","1,275"
3018,BVPS,0.37,0.37,0.40,0.40,0.39,0.35,—,—,—,—,—
3018,OCF,8,-1,23,-17,-12,29,14,24,93,-104,—
3018,FCF,7,-2,22,-18,-13,26,-1,23,92,-104,—
3018,NP Margin,-43.17,-38.28,-18.18,6.94,7.82,1.78,-1.78,-44.34,-15.27,-0.81,-5.06
3018,ROE,-7.14,-7.29,-5.61,2.95,3.40,0.63,-0.93,-21.33,-5.57,-0.29,-1.88
3018,Revenue GR,-36.69,-40.66,-26.72,0.48,25.08,-8.87,-3.98,-6.40,-21.08,—,—
3018,Revenue GR 3Y avg,—,-24.12,-2.71,-0.09,-1.10,-7.26,-10.82,-10.82,-16.50,—,—
3018,Revenue GR 5Y avg,—,-12.06,-5.32,-1.69,-5.27,-9.04,-12.15,-14.80,-10.06,—,—
3018,Revenue GR 10Y avg,—,-12.10,-9.56,-5.42,-2.02,—,—,—,—,—,—
3018,NP GR,—,—,—,—,—,—,—,—,—,—,—
3018,NP GR 3Y avg,—,—,—,—,—,—,—,—,—,—,—
3018,NP GR 5Y avg,—,—,—,-28.42,—,—,—,—,—,—,—
3018,NP GR 10Y avg,0.0,0.0,0.0,0.0,0.0,0.0,0.0,0.0,0.0,0.0,0.0
3018,EPS GR,—,—,—,-7.69,550.00,—,—,—,—,—,—
3018,EPS GR 3Y avg,—,—,—,—,—,—,—,—,—,—,—
3018,EPS GR 5Y avg,—,—,—,—,—,—,—,—,—,—,—
3018,EPS GR 10Y avg,—,—,—,-28.91,—,—,—,—,—,—,—
3018,OCF GR,—,—,—,—,—,33.04,-41.60,-74.14,—,—,—
3018,FCF GR,—,—,—,—,—,—,—,-75.22,—,—,—
3018,D/E,0.41,0.41,0.38,0.37,0.43,0.32,0.34,0.54,0.37,0.19,0.26
3018,Price,0.1000,0.0900,0.1100,0.0950,0.1200,0.0750,0.1250,0.1350,0.1800,0.1350,0.1900
