code,detail,TTM,Y1,Y2,Y3,Y4,Y5,Y6,Y7,Y8,Y9,Y10
0085,Year End,TTM,2020-06,2018-03,2017-03,2014-12,2013-12,2012-12,2011-12,2010-12,2009-12,2008-12
0085,Revenue,33,8,2,3,2,1,1,1,1,3,1
0085,NP,-34,-26,-4,—,-1,-1,-2,-4,-2,-1,-7
0085,EPS,-0.16,-0.16,-0.04,-0.01,-0.03,-0.02,-0.07,-0.12,-0.06,-0.04,-0.31
0085,DPS,—,—,—,—,—,—,—,—,—,—,—
0085,Div Payout,—,—,—,—,—,—,—,—,—,—,—
0085,Shares,389,158,89,40,37,37,35,33,33,22,22
0085,BVPS,0.11,0.27,—,—,—,—,—,—,—,—,—
0085,OCF,-12,-9,-19,—,-2,—,1,-3,-2,—,—
0085,FCF,-17,-9,-21,-1,-3,—,—,-3,-2,—,—
0085,NP Margin,-104.91,-309.60,-185.09,-8.16,-59.71,-57.07,-201.23,-334.56,-206.80,-27.58,-488.75
0085,ROE,-34.91,-47.83,-10.94,-4.06,-22.08,-12.03,-38.62,-46.54,-22.79,-9.58,-56.90
0085,Revenue GR,4457.90,84.12,-16.24,10.95,74.54,-3.40,-0.81,17.30,—,—,—
0085,Revenue GR 3Y avg,—,29.71,15.53,19.48,18.70,3.97,-25.65,-5.48,—,—,—
0085,Revenue GR 5Y avg,—,29.75,9.56,15.62,-7.08,-4.15,-24.95,-34.03,—,—,—
0085,Revenue GR 10Y avg,—,4.23,-12.55,—,—,—,—,—,—,—,—
0085,NP GR,—,—,—,—,—,—,—,—,—,—,—
0085,NP GR 3Y avg,—,—,—,—,—,—,—,—,—,—,—
0085,NP GR 5Y avg,—,—,—,—,—,—,—,—,—,—,—
0085,NP GR 10Y avg,0.0,0.0,0.0,0.0,0.0,0.0,0.0,0.0,0.0,0.0,0.0
0085,EPS GR,41.71,—,—,—,—,—,—,—,—,—,—
0085,EPS GR 3Y avg,—,—,—,—,—,—,—,—,—,—,—
0085,EPS GR 5Y avg,—,—,—,—,—,—,—,—,—,—,—
0085,EPS GR 10Y avg,—,—,—,—,—,—,—,—,—,—,—
0085,OCF GR,—,—,—,—,—,-62.01,—,—,—,—,—
0085,FCF GR,—,—,—,—,—,—,—,—,—,—,—
0085,D/E,—,0.01,—,—,0.01,0.02,0.02,0.02,0.02,—,—
0085,Price,0.0550,0.0350,0.0450,0.0550,0.0600,0.1150,0.0650,0.1050,0.1000,0.1000,0.1200
0086,Year End,TTM,2018-12,2017-12,2016-12,2015-12,2014-12,2013-12,2012-12,2011-12,2010-12,2009-12
0086,Revenue,4,3,5,5,7,8,7,6,10,8,8
0086,NP,-1,-2,—,—,—,-1,-3,-2,2,—,-3
0086,EPS,-0.01,-0.01,—,—,—,-0.01,-0.02,-0.02,0.01,—,-0.01
0086,DPS,—,—,—,—,—,—,—,—,—,—,—
0086,Div Payout,—,—,—,—,—,—,—,—,—,—,—
0086,Shares,232,232,232,194,180,176,173,173,160,160,145
0086,BVPS,0.05,—,—,—,—,—,—,—,—,—,—
0086,OCF,1,2,1,1,2,—,-1,-2,—,-1,-4
0086,FCF,-1,—,-1,-1,—,—,-1,-2,—,-2,-5
0086,NP Margin,-32.02,-66.74,-6.05,-6.04,-3.03,-15.71,-34.59,-38.19,21.72,-6.32,-33.14
0086,ROE,-7.96,-12.81,-2.00,-2.10,-1.51,-9.85,-18.75,-16.08,13.74,-3.32,-17.79
0086,Revenue GR,71.82,-36.95,11.23,-25.39,-17.43,6.75,14.51,-34.99,31.25,—,—
0086,Revenue GR 3Y avg,—,-19.42,-11.84,-13.04,0.31,-7.37,-0.77,-7.95,5.75,—,—
0086,Revenue GR 5Y avg,—,-14.34,-3.48,-13.31,-2.94,-0.95,-2.52,-12.15,-1.74,—,—
0086,Revenue GR 10Y avg,—,-8.62,-7.92,-7.70,—,—,—,—,—,—,—
0086,NP GR,—,—,—,—,—,—,—,—,—,—,—
0086,NP GR 3Y avg,—,—,—,—,—,—,—,—,-6.42,—,—
0086,NP GR 5Y avg,—,—,—,—,—,—,—,—,—,—,—
0086,NP GR 10Y avg,0.0,0.0,0.0,0.0,0.0,0.0,0.0,0.0,0.0,0.0,0.0
0086,EPS GR,-264.29,—,—,—,—,—,—,—,—,—,—
0086,EPS GR 3Y avg,—,—,—,—,—,—,—,—,—,—,—
0086,EPS GR 5Y avg,—,—,—,—,—,—,—,—,4.62,—,—
0086,EPS GR 10Y avg,—,—,—,—,—,—,—,—,—,—,—
0086,OCF GR,—,137.60,-0.63,-54.49,—,—,—,—,—,—,—
0086,FCF GR,—,—,—,—,—,—,—,—,—,—,—
0086,D/E,—,—,0.03,0.05,0.05,0.06,0.06,0.05,0.05,—,—
0086,Price,0.2000,0.2000,0.0950,0.1150,0.1050,0.1800,0.0950,0.1700,0.3300,0.1050,0.1000
0089,Year End,TTM,2020-12,2019-12,2018-12,2017-12,2016-12,2015-12,2014-12,2013-12,2012-12,2011-12
0089,Revenue,26,24,31,37,37,32,26,21,15,15,31
0089,NP,6,3,5,8,13,15,7,3,9,8,5
0089,EPS,0.02,0.01,0.02,0.03,0.05,0.06,0.03,0.01,0.03,0.03,0.02
0089,DPS,—,—,0.01,0.01,0.01,—,0.01,—,—,—,—
0089,Div Payout,—,—,25.4,15.0,9.9,23.9,7.5,8.2,33.6,10.8,17.7
0089,Shares,253,253,254,254,253,254,254,253,254,256,256
0089,BVPS,0.44,0.42,0.42,0.40,0.37,0.30,0.28,0.26,0.22,0.22,0.19
0089,OCF,8,7,11,18,11,9,7,6,6,5,2
0089,FCF,3,1,7,12,-2,4,3,-2,-1,1,-7
0089,NP Margin,22.05,14.00,16.28,20.90,34.70,47.90,28.42,15.82,57.05,52.22,15.68
0089,ROE,5.37,3.11,4.81,7.85,14.22,19.52,10.90,5.28,14.47,15.21,10.57
0089,Revenue GR,46.13,-22.29,-17.52,0.10,16.87,22.12,22.39,41.98,-0.95,-51.64,99.19
0089,Revenue GR 3Y avg,—,-13.75,-1.19,12.63,20.43,28.51,19.84,-12.06,-1.56,-18.97,31.13
0089,Revenue GR 5Y avg,—,-1.75,7.60,19.94,19.69,0.33,10.64,-5.64,1.55,1.94,20.15
0089,Revenue GR 10Y avg,—,4.26,0.76,10.36,10.46,9.79,—,—,—,—,—
0089,NP GR,—,-36.27,-31.04,1.66,56.46,21.23,-2.15,-11.79,23.83,6.15,1.73
0089,NP GR 3Y avg,—,-14.72,8.21,-1.88,10.30,25.44,10.45,-12.61,12.91,17.26,5.25
0089,NP GR 5Y avg,—,-2.95,-2.75,5.26,13.73,14.90,—,—,—,—,—
0089,NP GR 10Y avg,0.0,0.0,0.0,0.0,0.0,0.0,0.0,0.0,0.0,0.0,0.0
0089,EPS GR,-530.28,-33.16,-35.74,-39.60,-15.65,103.17,122.11,-60.36,8.89,61.19,8.90
0089,EPS GR 3Y avg,—,-36.22,-31.08,1.16,56.14,21.39,-1.39,-11.39,24.10,6.17,1.72
0089,EPS GR 5Y avg,—,-14.97,8.12,-1.84,10.44,25.71,10.97,-12.38,13.06,17.27,5.24
0089,EPS GR 10Y avg,—,-2.86,-2.67,5.35,13.81,15.02,—,—,—,—,—
0089,OCF GR,—,-38.66,-35.61,65.59,23.48,17.25,25.77,-1.56,9.53,194.71,-43.23
0089,FCF GR,—,-90.28,-42.70,—,—,13.97,—,—,—,—,—
0089,D/E,0.06,0.06,0.08,0.11,0.13,0.04,0.06,0.07,0.10,0.13,0.06
0089,Price,0.4200,0.4150,0.3400,0.5800,0.8200,1.1000,1.1600,0.5000,0.4700,0.2900,0.2700
0091,Year End,TTM,2018-12,2017-12,2016-12,2015-12,2014-12,2013-12,2012-12,2011-12,2010-12,2009-12
0091,Revenue,194,282,294,399,719,642,524,277,282,174,188
0091,NP,-144,-159,-44,-207,-19,-35,4,20,17,17,14
0091,EPS,-0.07,-0.08,-0.04,-0.12,-0.01,-0.03,—,0.02,0.01,0.02,0.02
0091,DPS,—,—,—,—,—,—,—,—,—,—,—
0091,Div Payout,—,—,—,—,—,—,—,—,—,—,—
0091,Shares,"2,874","2,044","2,471","1,798","1,657","1,396","1,242","1,235","1,202","1,105",790
0091,BVPS,-0.11,—,—,—,—,—,—,—,—,—,—
0091,OCF,38,3,8,-45,56,-41,-6,3,27,-7,7
0091,FCF,37,—,6,-49,-481,-77,-53,-14,10,-38,2
0091,NP Margin,-74.00,-56.51,-15.14,-51.93,-2.57,-5.48,0.69,7.28,6.17,9.71,7.19
0091,ROE,—,—,-144.14,-134.56,-6.72,-13.23,1.53,9.14,8.98,10.59,10.60
0091,Revenue GR,-51.49,-4.08,-26.46,-44.47,11.94,22.60,89.14,-1.71,61.72,—,—
0091,Revenue GR 3Y avg,—,-26.83,-22.97,-8.66,37.43,31.60,44.33,13.73,7.89,—,—
0091,Revenue GR 5Y avg,—,-11.68,1.17,7.22,32.77,27.82,18.48,34.78,57.23,—,—
0091,Revenue GR 10Y avg,—,2.30,16.77,29.84,—,—,—,—,—,—,—
0091,NP GR,—,—,—,—,—,—,-40.30,14.21,12.69,—,—
0091,NP GR 3Y avg,—,—,—,—,—,—,-21.60,24.13,42.63,—,—
0091,NP GR 5Y avg,—,—,—,—,—,—,—,—,—,—,—
0091,NP GR 10Y avg,0.0,0.0,0.0,0.0,0.0,0.0,0.0,0.0,0.0,0.0,0.0
0091,EPS GR,-620.00,—,—,—,—,—,-82.21,12.41,-6.19,—,—
0091,EPS GR 3Y avg,—,—,—,—,—,—,-42.75,-1.58,-16.27,—,—
0091,EPS GR 5Y avg,—,—,—,—,—,—,-34.85,2.16,13.35,—,—
0091,EPS GR 10Y avg,—,—,—,—,—,—,—,—,—,—,—
0091,OCF GR,—,-67.08,—,—,—,—,—,-90.08,—,—,—
0091,FCF GR,—,-96.56,—,—,—,—,—,—,—,—,—
0091,D/E,—,—,8.42,12.76,2.10,0.28,0.26,0.18,0.23,0.31,0.23
0091,Price,0.0150,0.0100,0.0100,0.0100,0.0750,0.0600,0.1050,0.1550,0.3750,0.1900,0.1900
0092,Year End,TTM,2020-06,2019-06,2018-06,2015-12,2014-12,2013-12,2012-12,2011-12,2010-12,2009-12
0092,Revenue,4,9,27,20,21,26,28,37,44,44,42
0092,NP,-32,-27,-21,1,-1,-7,—,4,-4,1,-65
0092,EPS,-0.23,-0.23,-0.18,0.02,-0.02,-0.29,—,0.17,-0.17,0.05,-2.92
0092,DPS,—,—,—,—,—,—,0.09,—,0.18,—,—
0092,Div Payout,—,—,—,—,—,—,—,—,—,—,—
0092,Shares,236,157,160,82,48,24,25,25,25,24,22
0092,BVPS,0.10,0.45,0.54,0.79,—,—,—,—,—,—,—
0092,OCF,-20,-1,-11,-38,-2,-4,2,3,7,5,—
0092,FCF,-31,-11,-14,-44,-7,-6,1,2,7,5,—
0092,NP Margin,-720.32,-293.91,-76.30,7.11,-5.36,-27.43,0.38,11.51,-10.07,2.73,-155.66
0092,ROE,-39.93,-39.14,-25.22,2.76,-12.63,-48.04,0.53,19.91,-17.48,4.57,-114.69
0092,Revenue GR,-64.70,-66.01,37.85,-3.62,-16.89,-8.80,-23.18,-15.69,-0.74,—,—
0092,Revenue GR 3Y avg,—,-17.21,0.98,-7.88,-16.50,-16.10,-13.69,-4.17,6.89,—,—
0092,Revenue GR 5Y avg,—,-15.92,-4.69,-11.63,-13.39,-9.22,-4.58,-3.98,-3.88,—,—
0092,Revenue GR 10Y avg,—,-11.16,-4.38,-8.34,—,—,—,—,—,—,—
0092,NP GR,—,—,—,76.75,—,—,-55.31,—,—,—,—
0092,NP GR 3Y avg,—,—,—,—,—,—,—,—,—,—,—
0092,NP GR 5Y avg,—,—,—,-20.89,—,—,—,—,—,—,—
0092,NP GR 10Y avg,0.0,0.0,0.0,0.0,0.0,0.0,0.0,0.0,0.0,0.0,0.0
0092,EPS GR,-32.88,—,—,—,—,—,-97.33,—,—,—,—
0092,EPS GR 3Y avg,—,—,—,35.10,—,—,-55.30,—,—,—,—
0092,EPS GR 5Y avg,—,—,—,—,—,—,—,—,—,—,—
0092,EPS GR 10Y avg,—,—,—,-31.66,—,—,—,—,—,—,—
0092,OCF GR,—,—,—,—,—,—,-30.02,-62.86,50.80,—,—
0092,FCF GR,—,—,—,—,—,—,-45.60,-65.64,54.08,—,—
0092,D/E,0.01,0.01,—,—,—,—,—,—,—,—,0.20
0092,Price,0.0400,0.0650,0.0650,0.1000,0.3400,0.1000,0.1200,0.2250,0.2200,0.2600,0.2500
0093,Year End,TTM,2020-12,2019-12,2018-12,2017-12,2016-12,2015-12,2014-12,2013-12,2012-12,2011-12
0093,Revenue,20,18,19,13,24,35,29,36,13,8,11
0093,NP,-2,-1,-1,-3,8,8,5,4,1,-2,—
0093,EPS,-0.01,—,—,-0.01,0.02,0.02,0.02,0.01,—,-0.01,—
0093,DPS,—,—,—,—,—,0.01,0.01,0.01,—,—,—
0093,Div Payout,—,—,—,—,39.3,—,69.8,—,—,—,93.5
0093,Shares,395,369,306,306,345,329,296,281,265,253,253
0093,BVPS,0.17,0.10,0.13,0.13,0.15,0.13,0.10,0.10,0.09,0.08,0.09
0093,OCF,-6,-4,-3,5,—,5,1,3,-1,2,3
0093,FCF,-11,-4,-3,—,-8,5,1,3,-2,2,3
0093,NP Margin,-10.86,-5.11,-4.72,-25.26,32.78,21.64,18.63,10.20,5.85,-26.89,3.48
0093,ROE,-3.89,-1.69,-2.34,-8.15,20.02,22.24,18.51,14.13,3.29,-9.99,1.79
0093,Revenue GR,58.69,-3.96,44.24,-46.30,-31.19,21.63,-19.01,183.81,60.89,-30.53,-37.45
0093,Revenue GR 3Y avg,—,-9.39,-18.92,-23.40,-12.15,40.87,54.64,46.93,-11.25,-15.63,-1.74
0093,Revenue GR 5Y avg,—,-9.04,-12.09,0.65,25.36,25.59,9.95,22.36,1.18,-9.86,-1.99
0093,Revenue GR 10Y avg,—,0.01,3.71,0.92,6.30,10.95,—,—,—,—,—
0093,NP GR,—,—,—,—,29.65,117.82,—,110.31,-28.54,—,-26.62
0093,NP GR 3Y avg,—,—,—,—,—,81.03,21.69,3.13,-5.76,—,-28.40
0093,NP GR 5Y avg,—,—,—,—,13.41,13.85,—,—,—,—,—
0093,NP GR 10Y avg,0.0,0.0,0.0,0.0,0.0,0.0,0.0,0.0,0.0,0.0,0.0
0093,EPS GR,67.54,—,—,—,-0.86,28.97,38.97,400.00,—,—,-80.61
0093,EPS GR 3Y avg,—,—,—,—,21.12,107.71,—,102.94,-31.30,—,-26.62
0093,EPS GR 5Y avg,—,—,—,—,—,71.83,17.64,0.95,-7.96,—,-28.40
0093,EPS GR 10Y avg,—,—,—,—,9.93,10.92,—,—,—,—,—
0093,OCF GR,—,—,—,—,-95.79,335.11,-63.61,—,—,-22.32,-18.69
0093,FCF GR,—,—,—,—,—,704.34,-82.08,—,—,-39.38,-17.28
0093,D/E,0.08,0.08,0.17,0.15,0.08,0.01,0.03,0.04,0.04,0.04,0.05
0093,Price,1.2800,1.1900,0.0950,0.0900,0.2250,0.3050,0.4100,0.2100,0.3450,0.1000,0.1300
0094,Year End,TTM,2018-07,2017-07,2016-07,2015-07,2014-07,2013-07,2012-07,2011-07,2010-07,2009-07
0094,Revenue,7,9,5,4,5,5,5,5,4,3,2
0094,NP,-17,-15,-9,-5,—,-1,—,—,—,—,—
0094,EPS,-0.07,-0.06,-0.04,-0.03,—,-0.01,—,—,—,—,-0.02
0094,DPS,—,—,—,—,—,—,—,—,—,—,—
0094,Div Payout,—,—,—,—,—,—,—,—,—,—,—
0094,Shares,265,259,239,168,99,94,90,90,82,82,81
0094,BVPS,0.08,—,—,—,—,—,—,—,—,—,—
0094,OCF,-4,—,3,-12,-1,-1,1,-1,2,—,—
0094,FCF,-5,-1,-3,-12,-1,-1,—,-3,—,—,—
0094,NP Margin,-244.69,-161.88,-163.62,-132.71,-0.92,-28.07,2.65,2.42,—,—,—
0094,ROE,-56.67,-50.51,-25.13,-25.98,-0.62,-18.17,1.65,1.70,—,—,—
0094,Revenue GR,-45.22,80.54,39.99,-28.52,5.61,6.07,-2.88,8.68,33.29,—,—
0094,Revenue GR 3Y avg,—,21.79,1.86,-7.14,2.85,3.84,12.05,27.74,33.25,—,—
0094,Revenue GR 5Y avg,—,15.14,1.71,-3.31,9.52,16.51,20.09,-2.03,-22.99,—,—
0094,Revenue GR 10Y avg,—,17.59,-0.18,-13.71,—,—,—,—,—,—,—
0094,NP GR,—,—,—,—,—,—,—,—,—,—,—
0094,NP GR 3Y avg,—,—,—,—,—,—,—,—,—,—,—
0094,NP GR 5Y avg,—,—,—,—,—,—,—,—,—,—,—
0094,NP GR 10Y avg,0.0,0.0,0.0,0.0,0.0,0.0,0.0,0.0,0.0,0.0,0.0
0094,EPS GR,-86.39,—,—,—,—,—,11.11,50.00,-76.00,—,—
0094,EPS GR 3Y avg,—,—,—,—,—,—,-26.32,—,—,—,—
0094,EPS GR 5Y avg,—,—,—,—,—,—,—,—,-55.19,—,—
0094,EPS GR 10Y avg,—,—,—,—,—,—,—,—,—,—,—
0094,OCF GR,—,—,—,—,—,—,—,—,—,—,—
0094,FCF GR,—,—,—,—,—,—,—,—,153.40,—,—
0094,D/E,—,—,—,—,—,—,—,—,—,—,—
0094,Price,0.3100,0.3100,0.0450,0.0550,0.1000,0.0650,0.0600,0.0550,0.1650,0.1700,0.1400
0095,Year End,TTM,2019-12,2018-12,2017-12,2016-12,2015-12,2013-01,2012-01,2011-01,2010-01,2009-01
0095,Revenue,33,2,315,357,768,"1,142",—,—,73,110,152
0095,NP,-98,-109,-24,-7,24,85,-6,-4,2,-7,-6
0095,EPS,-0.25,-0.27,-0.07,-0.02,0.08,0.29,-0.34,-0.19,0.11,-0.26,-0.23
0095,DPS,—,—,—,—,—,0.02,—,—,—,—,—
0095,Div Payout,—,—,—,—,—,—,—,—,—,—,—
0095,Shares,677,399,319,294,294,294,19,18,18,28,28
0095,BVPS,0.71,0.81,1.43,1.73,1.60,—,—,—,—,—,—
0095,OCF,130,13,-370,382,-116,-14,-2,-1,-2,-2,—
0095,FCF,126,10,-370,381,-117,-15,-2,-1,-2,-2,—
0095,NP Margin,-294.09,—,-7.49,-1.87,3.08,7.44,—,—,2.76,-6.76,-4.20
0095,ROE,-19.66,-23.36,-5.09,-1.36,4.74,17.38,-982.64,-87.15,23.47,-48.02,-28.58
0095,Revenue GR,-101.03,-99.48,-11.88,-53.46,-32.76,—,—,-99.72,—,—,—
0095,Revenue GR 3Y avg,—,-87.17,-34.91,—,432.44,74.97,—,-88.94,—,—,—
0095,Revenue GR 5Y avg,—,—,188.70,25.82,32.39,33.91,—,-75.22,—,—,—
0095,Revenue GR 10Y avg,—,-32.49,3.07,8.87,—,—,—,—,—,—,—
0095,NP GR,—,—,—,—,—,114.14,—,—,—,—,—
0095,NP GR 3Y avg,—,—,—,—,—,—,—,—,—,—,—
0095,NP GR 5Y avg,—,—,—,—,—,—,—,—,—,—,—
0095,NP GR 10Y avg,0.0,0.0,0.0,0.0,0.0,0.0,0.0,0.0,0.0,0.0,0.0
0095,EPS GR,-102.24,—,—,—,-72.10,—,—,—,—,—,—
0095,EPS GR 3Y avg,—,—,—,—,—,21.31,—,—,—,—,—
0095,EPS GR 5Y avg,—,—,—,—,—,—,—,—,—,—,—
0095,EPS GR 10Y avg,—,—,—,—,—,—,—,—,—,—,—
0095,OCF GR,—,—,—,—,—,—,—,—,—,—,—
0095,FCF GR,—,—,—,—,—,—,—,—,—,—,—
0095,D/E,0.08,0.10,—,—,—,0.06,—,0.03,0.03,0.02,0.02
0095,Price,0.2000,0.2350,0.0350,0.0450,0.0300,0.0650,0.0700,0.0150,0.1400,0.0800,0.0900
0096,Year End,TTM,2020-07,2019-07,2018-07,2017-07,2015-04,2014-04,2013-04,2012-04,2011-04,2010-04
0096,Revenue,90,41,58,46,53,134,102,80,63,72,66
0096,NP,-62,-62,-21,-62,-17,7,14,7,8,1,5
0096,EPS,-0.03,-0.03,-0.01,-0.03,-0.01,—,0.01,0.01,0.01,—,0.01
0096,DPS,—,—,—,—,—,—,—,—,—,—,—
0096,Div Payout,—,—,—,—,—,—,—,—,—,—,—
0096,Shares,"2,807","2,085","2,053","1,897","1,866","1,865","1,432","1,009",562,554,554
0096,BVPS,0.02,0.05,0.07,0.10,0.11,—,—,—,—,—,—
0096,OCF,-12,-31,3,11,14,-60,31,-8,3,7,—
0096,FCF,-13,-31,1,11,13,-81,31,-32,-3,5,—
0096,NP Margin,-69.60,-150.43,-36.19,-135.09,-32.56,5.17,13.99,9.23,12.68,1.47,6.92
0096,ROE,-64.51,-64.52,-15.42,-35.63,-8.26,2.93,8.67,7.92,11.12,1.61,7.13
0096,Revenue GR,516.31,-29.13,27.22,-14.05,-33.75,31.65,28.11,26.67,-13.01,—,—
0096,Revenue GR 3Y avg,—,-8.15,-17.90,-17.24,-9.10,28.79,12.18,6.43,4.62,—,—
0096,Revenue GR 5Y avg,—,-13.52,-4.94,-5.00,-4.82,15.25,13.19,4.11,-8.91,—,—
0096,Revenue GR 10Y avg,—,-2.54,-1.02,-6.76,-2.10,—,—,—,—,—,—
0096,NP GR,—,—,—,—,—,-4.52,137.57,17.16,—,—,—
0096,NP GR 3Y avg,—,—,—,—,—,8.70,—,—,-13.91,—,—
0096,NP GR 5Y avg,—,—,—,—,—,—,—,—,—,—,—
0096,NP GR 10Y avg,0.0,0.0,0.0,0.0,0.0,0.0,0.0,0.0,0.0,0.0,0.0
0096,EPS GR,26.18,—,—,—,—,-63.00,5.82,-33.33,626.92,—,—
0096,EPS GR 3Y avg,—,—,—,—,—,-36.09,72.45,4.63,—,—,—
0096,EPS GR 5Y avg,—,—,—,—,—,-14.82,—,—,-21.76,—,—
0096,EPS GR 10Y avg,—,—,—,—,—,—,—,—,—,—,—
0096,OCF GR,—,—,-69.91,-18.86,—,—,—,—,-56.36,—,—
0096,FCF GR,—,—,-86.78,-18.69,—,—,—,—,—,—,—
0096,D/E,0.20,0.15,0.03,0.36,0.28,0.25,0.28,0.15,0.07,0.14,0.11
0096,Price,0.0400,0.0550,0.0150,0.0300,0.0400,0.0500,0.0950,0.1150,0.1200,0.0850,0.1000
0098,Year End,TTM,2020-03,2019-03,2018-03,2017-03,2016-03,2015-03,2014-03,2013-03,2012-03,2011-03
0098,Revenue,83,95,65,22,31,18,17,23,31,32,28
0098,NP,-203,-181,6,19,-4,-3,-2,-4,-5,1,—
0098,EPS,-0.17,-0.15,—,0.01,0.01,—,—,-0.01,-0.01,—,—
0098,DPS,—,—,—,—,—,—,—,—,—,—,—
0098,Div Payout,—,—,—,—,—,—,—,—,—,—,—
0098,Shares,"1,231","1,225","1,452","1,869",980,854,821,787,689,678,660
0098,BVPS,0.08,0.25,0.25,0.23,0.13,0.17,0.15,0.15,0.11,0.11,—
0098,OCF,3,17,16,-12,-13,-4,-11,-24,10,7,2
0098,FCF,-1,7,4,-36,-109,-7,-12,-30,-7,-11,-2
0098,NP Margin,-243.95,-190.25,8.76,83.45,-12.25,-18.26,-13.53,-18.61,-15.61,3.46,0.69
0098,ROE,-99.41,-86.18,1.90,6.33,-1.77,-2.39,-1.79,-4.10,-6.05,1.59,0.31
0098,Revenue GR,-37.99,46.24,192.77,-28.54,69.91,6.32,-25.24,-24.83,-2.95,11.95,—
0098,Revenue GR 3Y avg,—,45.18,52.62,8.88,10.53,-15.78,-18.30,-6.53,-4.79,14.02,—
0098,Revenue GR 5Y avg,—,40.77,23.09,-6.22,-0.30,-8.28,-13.48,1.58,25.41,28.35,—
0098,Revenue GR 10Y avg,—,10.36,11.82,8.45,13.12,11.07,—,—,—,—,—
0098,NP GR,—,—,—,—,—,—,—,—,—,-19.87,—
0098,NP GR 3Y avg,—,—,—,—,—,—,—,—,—,-16.94,—
0098,NP GR 5Y avg,—,—,10.39,66.57,—,—,—,—,—,—,—
0098,NP GR 10Y avg,0.0,0.0,0.0,0.0,0.0,0.0,0.0,0.0,0.0,0.0,0.0
0098,EPS GR,254.00,—,-86.73,—,—,—,—,—,—,441.46,—
0098,EPS GR 3Y avg,—,—,—,—,—,—,—,—,—,-20.76,—
0098,EPS GR 5Y avg,—,—,—,—,—,—,—,—,—,-19.05,—
0098,EPS GR 10Y avg,—,—,-4.88,55.49,—,—,—,—,—,—,—
0098,OCF GR,—,8.76,—,—,—,—,—,—,42.68,179.55,—
0098,FCF GR,—,100.58,—,—,—,—,—,—,—,—,—
0098,D/E,0.11,0.09,0.02,0.03,—,0.01,0.02,0.03,0.05,—,0.10
0098,Price,0.4900,0.4900,0.2850,0.6900,1.0200,0.8200,0.8500,0.8900,1.1000,0.8500,0.3100
0102,Year End,TTM,2020-12,2019-12,2018-12,2017-12,2016-12,2015-12,2014-12,2013-12,2012-12,2011-12
0102,Revenue,50,41,53,100,122,82,65,53,53,54,51
0102,NP,-3,-4,-7,-9,—,—,3,-3,-1,-3,-3
0102,EPS,-0.01,-0.01,-0.02,-0.03,—,—,0.01,-0.01,-0.01,-0.02,-0.01
0102,DPS,—,—,—,—,—,—,—,—,—,—,—
0102,Div Payout,—,—,—,—,—,—,—,—,—,—,—
0102,Shares,749,648,329,329,310,242,235,195,165,151,179
0102,BVPS,0.06,0.05,0.05,0.08,0.10,0.08,0.10,0.08,0.08,0.08,0.08
0102,OCF,-14,-7,2,-5,1,-3,—,—,—,1,-8
0102,FCF,-16,-8,1,-5,-3,-10,-2,-2,—,1,-10
0102,NP Margin,-6.52,-9.01,-12.72,-9.50,-0.58,-0.01,4.15,-5.06,-2.09,-6.47,-4.92
0102,ROE,-9.50,-13.45,-36.27,-36.67,-2.48,-0.05,14.63,-18.11,-8.36,-25.23,-20.01
0102,Revenue GR,61.57,-21.66,-47.20,-18.44,49.51,25.95,23.32,-0.35,-1.37,4.10,-15.87
0102,Revenue GR 3Y avg,—,-30.38,-13.65,15.38,32.42,15.67,6.62,0.77,-4.76,3.77,-2.12
0102,Revenue GR 5Y avg,—,-8.67,—,13.55,17.94,9.71,1.20,1.89,-0.75,-3.67,-4.21
0102,Revenue GR 10Y avg,—,-3.86,0.94,6.16,6.59,2.51,—,—,—,—,—
0102,NP GR,—,—,—,—,—,—,—,—,—,—,—
0102,NP GR 3Y avg,—,—,—,—,—,—,9.49,—,—,—,—
0102,NP GR 5Y avg,—,—,—,—,—,—,—,—,—,—,—
0102,NP GR 10Y avg,0.0,0.0,0.0,0.0,0.0,0.0,0.0,0.0,0.0,0.0,0.0
0102,EPS GR,-75.00,—,—,—,—,—,—,—,—,—,—
0102,EPS GR 3Y avg,—,—,—,—,—,—,—,—,—,—,—
0102,EPS GR 5Y avg,—,—,—,—,—,—,6.39,—,—,—,—
0102,EPS GR 10Y avg,—,—,—,—,—,—,—,—,—,—,—
0102,OCF GR,—,—,—,—,—,—,79.14,-61.08,-73.74,—,—
0102,FCF GR,—,—,—,—,—,—,—,—,—,—,—
0102,D/E,0.04,0.06,0.29,0.03,—,0.01,0.01,0.02,0.01,0.01,0.01
0102,Price,0.2150,0.2050,0.0900,0.1300,0.2100,0.1250,0.1750,0.1650,0.1300,0.0900,0.1700
0103,Year End,TTM,2020-04,2017-12,2016-12,2015-12,2014-12,2013-12,2012-12,2011-12,2010-12,2009-12
0103,Revenue,21,20,16,17,20,19,13,14,15,14,17
0103,NP,-10,-4,-1,—,—,—,-2,-4,-1,-1,—
0103,EPS,-0.01,—,—,—,—,—,-0.01,-0.03,—,-0.01,—
0103,DPS,—,—,—,—,—,—,—,—,—,—,—
0103,Div Payout,—,—,—,—,—,—,—,—,—,—,—
0103,Shares,"1,759",854,651,325,129,129,129,129,129,129,129
0103,BVPS,0.05,0.06,—,—,—,—,—,—,—,—,—
0103,OCF,-8,8,1,-7,-2,2,—,1,2,2,—
0103,FCF,-14,1,—,-7,-2,2,-2,-3,—,2,—
0103,NP Margin,-47.24,-20.37,-4.28,1.83,-1.92,-1.84,-12.51,-28.42,-3.84,-10.18,-1.58
0103,ROE,-12.44,-7.35,-1.88,1.60,-7.45,-6.12,-26.80,-46.26,-5.50,-12.13,-2.15
0103,Revenue GR,-8.20,9.12,-4.56,-15.36,8.36,43.18,-3.56,-10.29,9.85,—,—
0103,Revenue GR 3Y avg,—,-0.23,-4.34,9.51,14.38,7.40,-1.68,-6.90,11.11,—,—
0103,Revenue GR 5Y avg,—,7.01,3.86,2.59,8.08,2.19,3.48,8.64,8.90,—,—
0103,Revenue GR 10Y avg,—,5.44,6.22,5.70,—,—,—,—,—,—,—
0103,NP GR,—,—,—,—,—,—,—,—,—,—,—
0103,NP GR 3Y avg,—,—,—,—,—,—,—,—,—,—,—
0103,NP GR 5Y avg,—,—,—,—,—,—,—,—,—,—,—
0103,NP GR 10Y avg,0.0,0.0,0.0,0.0,0.0,0.0,0.0,0.0,0.0,0.0,0.0
0103,EPS GR,-350.00,—,—,—,—,—,—,—,—,—,—
0103,EPS GR 3Y avg,—,—,—,—,—,—,—,—,—,—,—
0103,EPS GR 5Y avg,—,—,—,—,—,—,—,—,—,—,—
0103,EPS GR 10Y avg,—,—,—,—,—,—,—,—,—,—,—
0103,OCF GR,—,111.92,—,—,—,—,—,-59.39,-18.24,—,—
0103,FCF GR,—,52.34,—,—,—,—,—,—,-97.14,—,—
0103,D/E,0.01,0.01,0.04,0.08,0.55,0.54,0.52,0.23,0.04,—,—
0103,Price,0.0450,0.0200,0.0400,0.0650,0.0850,0.0700,0.2600,0.2450,0.3500,0.1200,0.1100
0104,Year End,TTM,2020-03,2019-03,2018-03,2017-03,2016-03,2015-03,2014-03,2013-03,2012-03,2011-03
0104,Revenue,92,80,97,101,71,129,146,116,123,155,123
0104,NP,-6,—,6,4,-4,4,4,7,-26,4,12
0104,EPS,-0.15,—,0.14,0.10,-0.11,0.13,12.67,0.20,-0.73,0.12,0.39
0104,DPS,—,—,0.05,—,—,—,—,—,—,0.10,—
0104,Div Payout,—,28.9,10.6,—,—,—,—,—,—,—,—
0104,Shares,43,43,41,36,35,35,—,35,35,35,31
0104,BVPS,1.56,1.96,1.88,1.57,1.69,1.78,1.59,1.42,2.19,2.07,—
0104,OCF,14,10,-1,3,6,22,-4,15,27,-6,7
0104,FCF,12,9,-2,2,6,21,-6,15,18,-22,6
0104,NP Margin,-6.91,-0.21,5.78,3.62,-5.70,3.42,3.06,6.03,-21.05,2.60,10.09
0104,ROE,-7.89,-0.22,7.76,5.77,-6.73,7.36,8.01,13.93,-43.25,5.55,23.54
0104,Revenue GR,-17.95,-17.32,-3.83,43.04,-45.25,-11.56,25.52,-5.60,-20.79,26.32,—
0104,Revenue GR 3Y avg,—,4.39,-9.02,-11.52,-15.30,1.57,-2.09,-1.89,32.83,47.06,—
0104,Revenue GR 5Y avg,—,-11.25,-3.52,-3.88,-14.59,0.95,22.66,18.91,18.19,45.99,—
0104,Revenue GR 10Y avg,—,4.34,7.11,6.59,11.66,12.92,—,—,—,—,—
0104,NP GR,—,—,8.41,-6.34,—,—,3.26,-17.38,—,-21.78,—
0104,NP GR 3Y avg,—,—,-4.33,—,—,-18.72,0.20,-3.70,—,—,—
0104,NP GR 5Y avg,—,—,-4.02,-3.95,—,8.81,—,—,—,—,—
0104,NP GR 10Y avg,0.0,0.0,0.0,0.0,0.0,0.0,0.0,0.0,0.0,0.0,0.0
0104,EPS GR,-89.63,—,34.85,—,—,-1.34,-36.18,—,—,-70.85,—
0104,EPS GR 3Y avg,—,—,2.82,-7.35,—,—,3.36,-20.39,—,-45.23,—
0104,EPS GR 5Y avg,—,—,-7.30,—,—,-20.50,-18.18,-22.24,—,—,—
0104,EPS GR 10Y avg,—,—,-15.10,-13.81,—,-4.67,—,—,—,—,—
0104,OCF GR,—,—,—,-40.21,-74.65,—,—,-42.01,—,—,—
0104,FCF GR,—,—,—,-64.38,-74.31,—,—,-18.31,—,—,—
0104,D/E,0.11,0.12,0.13,0.16,0.20,0.21,0.24,0.14,0.46,0.28,0.12
0104,Price,4.2500,4.2500,1.1700,1.7300,1.3300,0.8500,0.1400,0.2050,0.1000,0.1300,0.2200
0105,Year End,TTM,2020-12,2019-12,2018-12,2017-12,2016-12,2015-03,2014-03,2013-03,2012-03,2011-03
0105,Revenue,89,81,73,73,83,58,78,69,78,80,62
0105,NP,16,16,-5,-3,1,4,1,1,1,1,-1
0105,EPS,0.02,0.02,-0.01,-0.01,—,0.01,—,—,0.01,—,—
0105,DPS,—,—,—,0.01,0.01,0.01,—,—,—,—,—
0105,Div Payout,—,—,—,—,161.2,29.2,—,—,—,—,—
0105,Shares,753,659,575,623,360,310,186,211,211,211,211
0105,BVPS,0.17,0.16,0.17,0.19,0.19,0.18,—,—,—,—,—
0105,OCF,4,-2,7,-3,6,2,4,8,3,3,-6
0105,FCF,1,-5,4,-6,6,—,3,7,2,1,-10
0105,NP Margin,18.32,19.89,-6.31,-3.91,0.78,6.99,0.87,0.96,1.75,0.87,-0.99
0105,ROE,14.14,14.31,-5.65,-3.49,0.93,8.60,3.03,2.93,6.19,3.25,-2.81
0105,Revenue GR,58.70,10.14,0.13,-12.29,43.15,-15.68,14.31,-11.67,-2.61,28.78,—
0105,Revenue GR 3Y avg,—,-1.10,7.93,-1.89,5.27,-7.43,-0.56,3.47,29.24,98.76,—
0105,Revenue GR 5Y avg,—,0.45,1.10,-1.07,0.74,-1.09,16.86,46.53,14.12,10.42,—
0105,Revenue GR 10Y avg,—,7.77,20.13,5.72,5.13,0.17,—,—,—,—,—
0105,NP GR,—,191.42,—,—,-0.54,33.81,-0.40,—,-31.05,-47.82,—
0105,NP GR 3Y avg,—,72.79,—,—,-1.23,—,-30.22,-33.00,—,52.30,—
0105,NP GR 5Y avg,—,13.37,—,—,20.78,-0.13,—,—,—,—,—
0105,NP GR 10Y avg,0.0,0.0,0.0,0.0,0.0,0.0,0.0,0.0,0.0,0.0,0.0
0105,EPS GR,-120.00,—,—,—,-86.26,121.17,4.00,-51.61,96.20,—,—
0105,EPS GR 3Y avg,—,138.11,—,—,-13.66,20.72,-0.42,—,-31.01,-47.82,—
0105,EPS GR 5Y avg,—,41.81,—,—,-9.96,—,-30.24,-33.01,—,51.19,—
0105,EPS GR 10Y avg,—,1.99,—,—,14.56,-4.97,—,—,—,—,—
0105,OCF GR,—,—,—,—,309.11,-42.28,-47.03,167.61,-0.52,—,—
0105,FCF GR,—,—,—,—,—,-69.96,-50.47,263.24,49.24,—,—
0105,D/E,0.02,0.02,—,—,—,—,0.01,—,—,—,—
0105,Price,0.3550,0.2700,0.0600,0.0700,0.1350,0.1500,0.2350,0.2350,0.1800,0.1200,0.2200
0107,Year End,TTM,2020-02,2017-09,2016-09,2015-09,2014-09,2013-09,2012-09,2011-09,2010-04,2009-04
0107,Revenue,7,21,54,83,77,59,34,29,28,13,3
0107,NP,-67,-54,-12,5,10,6,1,1,—,-11,-9
0107,EPS,-0.10,-0.08,-0.03,0.01,0.02,0.02,0.01,—,—,-0.11,-0.13
0107,DPS,—,—,—,—,—,—,—,—,—,—,—
0107,Div Payout,—,—,—,—,—,—,—,—,—,—,—
0107,Shares,"1,949",616,460,483,448,412,192,193,172,113,69
0107,BVPS,0.02,0.10,—,—,—,—,—,—,—,—,—
0107,OCF,-9,-8,-2,-26,-14,-12,1,3,2,1,—
0107,FCF,-9,-11,-8,-32,-25,-17,-2,—,-1,-2,—
0107,NP Margin,-904.08,-258.20,-22.32,5.55,12.90,10.82,2.91,1.73,1.16,-86.95,-325.79
0107,ROE,-98.33,-102.73,-10.23,4.17,12.24,16.07,6.51,3.42,2.56,-262.71,-147.72
0107,Revenue GR,-52.59,-32.50,-34.74,7.88,31.37,71.35,17.50,4.52,—,—,—
0107,Revenue GR 3Y avg,—,-25.50,-2.57,34.41,38.29,28.14,—,100.16,73.54,—,—
0107,Revenue GR 5Y avg,—,-7.34,13.24,24.42,—,76.30,47.03,26.72,44.73,—,—
0107,Revenue GR 10Y avg,—,14.47,20.06,34.58,—,—,—,—,—,—,—
0107,NP GR,—,—,—,66.67,170.29,169.69,—,—,—,—,—
0107,NP GR 3Y avg,—,—,—,70.14,—,—,—,—,—,—,—
0107,NP GR 5Y avg,—,—,—,—,—,—,—,—,—,—,—
0107,NP GR 10Y avg,0.0,0.0,0.0,0.0,0.0,0.0,0.0,0.0,0.0,0.0,0.0
0107,EPS GR,-83.33,—,—,-56.76,44.16,196.15,100.00,44.44,—,—,—
0107,EPS GR 3Y avg,—,—,—,22.68,104.39,104.53,—,—,—,—,—
0107,EPS GR 5Y avg,—,—,—,39.77,—,—,—,—,—,—,—
0107,EPS GR 10Y avg,—,—,—,—,—,—,—,—,—,—,—
0107,OCF GR,—,—,—,—,—,—,-54.62,18.16,—,—,—
0107,FCF GR,—,—,—,—,—,—,—,—,—,—,—
0107,D/E,0.38,0.73,0.10,0.19,0.13,0.01,0.02,—,—,—,—
0107,Price,0.0200,0.0200,0.0200,0.0200,0.0250,0.1300,0.2400,0.2550,0.2650,0.1250,0.0900
0109,Year End,TTM,2019-01,2018-01,2017-01,2016-01,2015-01,2014-01,2013-01,2012-01,2011-01,2010-01
0109,Revenue,6,14,12,45,12,16,34,12,9,11,9
0109,NP,—,1,1,-1,-4,-7,-6,-8,—,-2,-2
0109,EPS,—,—,—,—,-0.01,-0.01,-0.01,-0.03,—,-0.01,-0.01
0109,DPS,—,—,—,—,—,—,—,—,—,—,—
0109,Div Payout,—,—,—,—,—,—,—,—,—,—,—
0109,Shares,883,"1,149","1,148","1,249",885,885,460,294,158,158,158
0109,BVPS,0.03,—,—,—,—,—,—,—,—,—,—
0109,OCF,24,-1,—,-25,-3,-4,-1,-14,—,-1,-2
0109,FCF,1,-1,—,-25,-4,-5,-6,-16,—,-1,-2
0109,NP Margin,3.23,10.07,8.81,-2.20,-32.68,-43.40,-17.55,-66.94,-4.76,-21.96,-19.47
0109,ROE,0.59,4.03,3.30,-3.23,-12.73,-28.46,-38.94,-80.22,-10.46,-43.70,-22.64
0109,Revenue GR,-0.58,10.89,-72.76,271.14,-21.60,-53.95,178.35,34.33,-15.86,—,—
0109,Revenue GR 3Y avg,—,3.88,-7.46,10.25,0.17,19.86,46.53,12.48,-3.33,—,—
0109,Revenue GR 5Y avg,—,-16.55,0.32,38.03,2.58,12.78,27.56,7.18,-13.47,—,—
0109,Revenue GR 10Y avg,—,3.18,3.69,9.29,-1.42,—,—,—,—,—,—
0109,NP GR,—,—,—,—,—,—,—,—,—,—,—
0109,NP GR 3Y avg,—,—,—,—,—,—,—,—,—,—,—
0109,NP GR 5Y avg,—,—,—,—,—,—,—,—,—,—,—
0109,NP GR 10Y avg,0.0,0.0,0.0,0.0,0.0,0.0,0.0,0.0,0.0,0.0,0.0
0109,EPS GR,25.00,16.67,—,—,—,—,—,—,—,—,—
0109,EPS GR 3Y avg,—,—,—,—,—,—,—,—,—,—,—
0109,EPS GR 5Y avg,—,—,—,—,—,—,—,—,—,—,—
0109,EPS GR 10Y avg,—,—,—,—,—,—,—,—,—,—,—
0109,OCF GR,—,—,—,—,—,—,—,—,—,—,—
0109,FCF GR,—,—,—,—,—,—,—,—,—,—,—
0109,D/E,—,—,—,0.01,—,0.12,0.31,—,—,0.01,0.51
0109,Price,0.0550,0.0400,0.0250,0.0450,0.0200,0.0350,0.0350,0.0400,0.0450,0.0900,0.0800
0111,Year End,TTM,2020-12,2019-12,2018-12,2017-12,2016-12,2015-12,2014-12,2013-12,2012-12,2011-12
0111,Revenue,105,91,97,74,78,82,146,186,171,161,137
0111,NP,-8,-9,6,6,-10,-9,11,12,1,-11,-12
0111,EPS,-0.01,-0.01,0.01,—,-0.02,-0.02,0.02,0.03,—,-0.03,-0.04
0111,DPS,—,—,—,—,—,—,0.01,—,—,—,—
0111,Div Payout,—,—,—,—,—,—,19.5,—,—,—,—
0111,Shares,782,759,747,630,612,473,449,420,475,428,371
0111,BVPS,0.14,0.14,0.15,0.12,0.16,0.18,0.15,0.12,0.11,0.11,0.13
0111,OCF,—,5,7,—,2,2,6,30,15,-2,3
0111,FCF,-4,—,1,-2,1,1,6,29,10,-5,-1
0111,NP Margin,-7.35,-9.63,6.29,7.67,-12.27,-11.27,7.63,6.38,0.59,-7.11,-8.91
0111,ROE,-7.23,-8.25,5.95,5.86,-11.88,-11.45,14.85,21.93,2.36,-26.49,-24.48
0111,Revenue GR,82.99,-6.02,31.53,-5.72,-4.40,-43.95,-21.51,8.67,6.47,17.19,3.36
0111,Revenue GR 3Y avg,—,5.23,5.84,-20.36,-25.08,-21.81,-3.16,10.68,8.85,24.11,30.37
0111,Revenue GR 5Y avg,—,-8.99,-12.21,-15.50,-13.42,-9.82,1.92,17.21,22.55,23.47,24.78
0111,Revenue GR 10Y avg,—,-3.69,1.44,1.76,3.39,6.08,—,—,—,—,—
0111,NP GR,—,—,—,-20.21,—,—,—,—,-49.87,—,—
0111,NP GR 3Y avg,—,—,-12.47,41.06,—,—,6.73,56.04,-30.06,—,—
0111,NP GR 5Y avg,—,—,16.87,-0.67,—,—,—,—,—,—,—
0111,NP GR 10Y avg,0.0,0.0,0.0,0.0,0.0,0.0,0.0,0.0,0.0,0.0,0.0
0111,EPS GR,—,—,-5.62,—,—,—,-12.37,—,—,—,—
0111,EPS GR 3Y avg,—,—,—,-28.94,—,—,—,—,-48.92,—,—
0111,EPS GR 5Y avg,—,—,-21.57,33.49,—,—,9.49,62.38,-29.27,—,—
0111,EPS GR 10Y avg,—,—,12.85,-2.84,—,—,—,—,—,—,—
0111,OCF GR,—,-26.73,—,-86.15,-18.63,-62.09,-79.23,107.27,—,—,—
0111,FCF GR,—,-82.60,—,—,-5.85,-73.89,-80.67,181.20,—,—,—
0111,D/E,—,—,—,—,—,—,—,—,0.02,0.04,0.06
0111,Price,0.2650,0.3600,0.2000,0.2000,0.1900,0.1550,0.3250,0.4250,0.3250,0.1900,0.3200
0116,Year End,TTM,2020-12,2019-12,2018-12,2017-12,2016-12,2015-12,2014-12,2013-12,2012-12,2010-07
0116,Revenue,74,66,39,24,32,16,8,12,9,7,12
0116,NP,27,17,-2,-3,3,-17,-14,-6,-5,-5,-1
0116,EPS,—,—,—,—,—,—,—,—,—,—,—
0116,DPS,—,—,—,—,—,—,—,—,—,—,—
0116,Div Payout,—,—,—,—,—,—,—,—,—,—,—
0116,Shares,"6,273","8,112","6,129","5,954","5,077","4,269","4,021","2,314","1,832","1,796",702
0116,BVPS,0.02,0.01,0.01,0.01,0.01,0.01,0.01,—,0.01,0.01,—
0116,OCF,41,37,18,-10,—,-10,—,—,—,—,—
0116,FCF,38,34,11,-15,-5,-16,-11,-7,-3,-1,—
0116,NP Margin,36.03,25.07,-4.63,-12.90,10.43,-107.65,-169.15,-53.08,-55.72,-68.18,-10.16
0116,ROE,28.87,30.74,-4.49,-8.73,11.52,-50.76,-30.82,-18.60,-22.94,-20.78,-8.65
0116,Revenue GR,81.11,69.56,61.41,-23.59,103.98,93.07,-34.11,39.60,28.72,—,—
0116,Revenue GR 3Y avg,—,27.88,36.01,44.37,37.41,21.10,5.79,—,-8.93,-25.91,—
0116,Revenue GR 5Y avg,—,52.46,26.19,22.58,36.06,—,-7.18,-7.80,-14.79,-13.44,—
0116,Revenue GR 10Y avg,—,17.76,7.18,1.45,7.53,4.96,—,—,—,—,—
0116,NP GR,—,71.33,—,—,—,—,—,—,—,—,—
0116,NP GR 3Y avg,—,—,—,—,—,—,—,—,—,—,—
0116,NP GR 5Y avg,—,—,—,—,19.78,—,—,—,—,—,—
0116,NP GR 10Y avg,0.0,0.0,0.0,0.0,0.0,0.0,0.0,0.0,0.0,0.0,0.0
0116,EPS GR,877.44,—,—,—,—,—,—,—,—,—,—
0116,EPS GR 3Y avg,—,45.51,—,—,—,—,—,—,—,—,—
0116,EPS GR 5Y avg,—,—,—,—,—,—,—,—,—,—,—
0116,EPS GR 10Y avg,—,—,—,—,-9.09,—,—,—,—,—,—
0116,OCF GR,—,108.57,—,—,—,—,—,—,—,—,—
0116,FCF GR,—,218.96,—,—,—,—,—,—,—,—,—
0116,D/E,0.03,0.07,0.09,—,—,—,—,0.01,0.12,0.02,—
0116,Price,0.5950,0.6500,0.5050,0.1500,0.4300,0.0900,0.0900,0.0750,0.0850,0.0900,0.0900
0117,Year End,TTM,2020-12,2019-12,2018-12,2017-12,2016-12,2015-12,2014-12,2013-12,2012-12,2011-12
0117,Revenue,138,132,141,127,102,81,100,122,52,61,44
0117,NP,-3,-9,-40,3,98,-37,-30,6,8,9,8
0117,EPS,-0.01,-0.02,-0.10,0.01,0.25,-0.13,-0.12,0.02,0.04,0.05,0.05
0117,DPS,—,—,—,—,—,—,—,—,0.01,0.01,—
0117,Div Payout,—,—,—,—,—,—,—,—,32.6,9.7,—
0117,Shares,414,405,407,420,384,278,248,274,212,166,154
0117,BVPS,0.25,0.23,0.33,0.37,0.10,0.18,0.33,0.36,0.29,0.27,0.17
0117,OCF,27,22,40,21,2,—,5,12,3,7,7
0117,FCF,20,16,30,-7,-3,-3,1,8,1,6,6
0117,NP Margin,-1.97,-7.11,-28.35,2.24,96.02,-45.43,-30.00,4.57,15.66,13.84,18.72
0117,ROE,-2.49,-8.32,-29.86,1.89,108.60,-78.48,-43.07,8.05,15.34,19.90,25.40
0117,Revenue GR,25.58,-6.23,10.97,25.01,24.74,-18.75,-17.73,132.57,-14.72,38.26,276.87
0117,Revenue GR 3Y avg,—,9.16,20.05,8.21,-5.88,15.85,17.73,39.97,64.40,101.18,73.80
0117,Revenue GR 5Y avg,—,5.68,2.95,19.38,10.58,12.88,53.43,74.44,43.99,26.49,29.60
0117,Revenue GR 10Y avg,—,27.34,34.01,31.11,18.27,20.95,—,—,—,—,—
0117,NP GR,—,—,—,—,159.63,—,—,-12.49,208.94,—,—
0117,NP GR 3Y avg,—,—,—,-19.12,62.90,—,—,—,—,6.34,7.68
0117,NP GR 5Y avg,—,—,—,—,31.62,—,—,—,—,—,—
0117,NP GR 10Y avg,0.0,0.0,0.0,0.0,0.0,0.0,0.0,0.0,0.0,0.0,0.0
0117,EPS GR,-88.30,—,—,-97.32,—,—,—,-52.72,-17.38,-6.06,—
0117,EPS GR 3Y avg,—,—,—,—,133.31,—,—,-28.41,181.32,—,—
0117,EPS GR 5Y avg,—,—,—,-30.62,37.76,—,—,—,—,1.78,3.91
0117,EPS GR 10Y avg,—,—,—,—,18.41,—,—,—,—,—,—
0117,OCF GR,—,-46.13,90.28,—,—,—,-55.79,315.10,-59.04,8.89,—
0117,FCF GR,—,-46.71,—,—,—,—,-85.42,642.89,-83.34,-1.30,—
0117,D/E,1.52,1.50,1.94,0.18,0.08,0.79,0.66,0.21,—,—,0.09
0117,Price,0.1800,0.1300,0.0850,0.1200,0.1800,0.1750,0.2750,0.6400,0.2200,0.2600,0.1200
0119,Year End,TTM,2020-12,2019-12,2018-12,2017-12,2016-12,2015-12,2014-12,2013-09,2012-09,2011-09
0119,Revenue,64,74,91,179,143,5,10,15,14,15,8
0119,NP,1,1,—,—,—,-7,-5,-13,-1,—,-1
0119,EPS,—,—,—,—,—,-0.01,-0.01,-0.03,—,—,—
0119,DPS,—,—,—,—,—,—,—,—,—,—,—
0119,Div Payout,—,—,—,—,—,—,—,—,—,—,—
0119,Shares,"1,413","1,326","1,033","1,040","1,114",850,838,407,573,519,474
0119,BVPS,0.03,0.03,0.03,0.03,0.02,0.01,0.02,0.02,—,—,—
0119,OCF,13,3,6,-15,—,-4,-2,-4,-2,1,2
0119,FCF,12,2,5,-16,-1,-5,-3,-5,-3,—,1
0119,NP Margin,1.52,0.91,-0.29,0.26,-0.29,-147.07,-51.41,-88.44,-10.04,0.48,-7.55
0119,ROE,3.61,2.45,-0.98,1.73,-2.27,-54.33,-51.52,-125.45,-7.70,0.43,-3.99
0119,Revenue GR,-47.46,-18.68,-48.82,24.98,2966.04,-53.75,-32.52,8.30,-10.65,80.95,-19.33
0119,Revenue GR 3Y avg,—,-19.58,169.68,160.73,112.30,-27.90,-11.74,19.51,9.26,-3.05,—
0119,Revenue GR 5Y avg,—,49.13,43.67,63.43,53.32,-10.52,-0.53,-1.99,—,3.23,-12.35
0119,Revenue GR 10Y avg,—,21.17,18.09,—,27.08,-11.40,—,—,—,—,—
0119,NP GR,—,—,—,—,—,—,—,—,—,—,—
0119,NP GR 3Y avg,—,—,—,—,—,—,—,—,—,-35.14,—
0119,NP GR 5Y avg,—,—,—,—,—,—,—,—,—,—,—
0119,NP GR 10Y avg,0.0,0.0,0.0,0.0,0.0,0.0,0.0,0.0,0.0,0.0,0.0
0119,EPS GR,-233.00,—,—,—,—,—,—,—,—,—,—
0119,EPS GR 3Y avg,—,—,—,—,—,—,—,—,—,—,—
0119,EPS GR 5Y avg,—,—,—,—,—,—,—,—,—,-37.04,—
0119,EPS GR 10Y avg,—,—,—,—,—,—,—,—,—,—,—
0119,OCF GR,—,-50.47,—,—,—,—,—,—,—,-52.74,-48.80
0119,FCF GR,—,-57.71,—,—,—,—,—,—,—,-65.08,-52.22
0119,D/E,—,—,—,—,—,0.01,—,0.02,0.03,—,—
0119,Price,0.6200,0.7150,0.1400,0.0950,0.3650,0.3650,0.1400,0.1550,0.1050,0.1000,0.1900
0122,Year End,TTM,2020-12,2019-12,2018-12,2017-12,2016-12,2015-12,2014-12,2013-12,2012-12,2011-12
0122,Revenue,11,11,5,10,12,12,21,13,14,15,7
0122,NP,-3,-4,-4,-2,-2,-1,1,—,-2,-1,-1
0122,EPS,-0.01,-0.02,-0.02,-0.01,-0.01,—,—,—,-0.01,-0.01,-0.01
0122,DPS,—,—,—,—,—,—,—,—,—,—,—
0122,Div Payout,—,—,—,—,—,—,—,—,—,—,—
0122,Shares,242,242,242,242,242,242,242,242,222,220,220
0122,BVPS,0.07,0.08,0.09,0.09,0.11,0.12,0.12,0.12,0.11,0.13,0.12
0122,OCF,-2,-4,-4,1,1,-4,-1,1,1,-3,-2
0122,FCF,-2,-4,-5,1,-1,-4,-1,1,1,-4,-2
0122,NP Margin,-32.05,-34.98,-82.59,-24.40,-16.99,-8.85,3.21,1.55,-13.88,-8.48,-19.74
0122,ROE,-20.00,-19.22,-18.65,-9.26,-7.66,-3.74,2.33,0.72,-6.89,-4.55,-4.87
0122,Revenue GR,-6.49,119.49,-48.24,-23.33,1.37,-41.66,59.99,-5.25,-8.63,107.01,-69.03
0122,Revenue GR 3Y avg,—,-4.50,-26.18,-23.17,-1.83,-4.02,11.47,21.46,-16.33,-30.92,-45.85
0122,Revenue GR 5Y avg,—,-12.42,-17.79,-7.22,-3.91,10.83,-2.35,-22.18,-21.39,-21.46,-29.82
0122,Revenue GR 10Y avg,—,-7.52,-20.02,-14.60,-13.13,-11.81,—,—,—,—,—
0122,NP GR,—,—,—,—,—,—,—,—,—,—,—
0122,NP GR 3Y avg,—,—,—,—,—,—,-4.16,—,—,—,—
0122,NP GR 5Y avg,—,—,—,—,—,—,—,—,—,—,—
0122,NP GR 10Y avg,0.0,0.0,0.0,0.0,0.0,0.0,0.0,0.0,0.0,0.0,0.0
0122,EPS GR,-36.72,—,—,—,—,—,250.00,—,—,—,—
0122,EPS GR 3Y avg,—,—,—,—,—,—,—,—,—,—,—
0122,EPS GR 5Y avg,—,—,—,—,—,—,-8.22,—,—,—,—
0122,EPS GR 10Y avg,—,—,—,—,—,—,—,—,—,—,—
0122,OCF GR,—,—,—,28.07,—,—,—,-42.66,—,—,—
0122,FCF GR,—,—,—,—,—,—,—,-39.55,—,—,—
0122,D/E,0.09,0.08,0.08,—,—,—,—,—,—,—,—
0122,Price,0.2950,0.2650,0.2700,0.2800,0.2550,0.2300,0.2100,0.2400,0.1500,0.1600,0.1200
0123,Year End,TTM,2020-12,2019-12,2018-12,2017-12,2016-12,2015-12,2014-12,2013-12,2012-12,2011-12
0123,Revenue,41,42,39,53,60,74,81,74,58,61,44
0123,NP,-5,-6,-5,-4,-7,—,3,6,5,5,5
0123,EPS,-0.01,-0.01,-0.01,-0.01,-0.01,—,0.01,0.01,0.01,0.01,0.01
0123,DPS,—,—,—,—,—,—,—,—,—,0.02,—
0123,Div Payout,—,—,—,—,—,44.4,25.0,36.1,30.0,227.3,—
0123,Shares,628,614,558,558,558,558,558,558,558,558,558
0123,BVPS,0.10,0.10,0.11,0.12,0.14,0.15,0.14,0.14,0.13,0.13,0.11
0123,OCF,3,9,12,8,4,5,7,22,17,14,14
0123,FCF,1,7,6,1,-5,-6,-1,10,6,10,—
0123,NP Margin,-12.88,-15.19,-12.04,-7.54,-11.99,0.15,3.84,8.77,9.17,8.14,11.05
0123,ROE,-8.46,-10.07,-7.14,-5.60,-9.35,0.14,3.87,8.38,7.35,7.26,7.68
0123,Revenue GR,-5.55,7.29,-26.28,-12.35,-19.55,-8.42,10.09,26.41,-3.61,37.61,16.37
0123,Revenue GR 3Y avg,—,-11.49,-19.59,-13.56,-6.74,8.42,10.28,18.80,15.57,30.70,156.88
0123,Revenue GR 5Y avg,—,-12.57,-12.12,-2.11,-0.24,11.07,16.52,22.16,96.57,126.85,55.45
0123,Revenue GR 10Y avg,—,0.93,3.61,43.19,50.44,31.40,—,—,—,—,—
0123,NP GR,—,—,—,—,—,-72.41,-14.20,10.02,4.57,67.02,—
0123,NP GR 3Y avg,—,—,—,—,—,-52.92,-7.83,43.64,—,—,—
0123,NP GR 5Y avg,—,—,—,—,—,—,—,—,—,—,—
0123,NP GR 10Y avg,0.0,0.0,0.0,0.0,0.0,0.0,0.0,0.0,0.0,0.0,0.0
0123,EPS GR,-138.46,—,—,—,—,-96.43,-51.72,20.83,9.09,1.15,3.57
0123,EPS GR 3Y avg,—,—,—,—,—,-72.48,-13.99,10.06,4.55,46.48,—
0123,EPS GR 5Y avg,—,—,—,—,—,-52.98,-7.79,32.88,—,—,—
0123,EPS GR 10Y avg,—,—,—,—,—,—,—,—,—,—,—
0123,OCF GR,—,-24.60,47.23,87.28,-8.37,-38.00,-65.89,28.51,20.46,-2.21,36.76
0123,FCF GR,—,34.49,271.23,—,—,—,—,73.67,-43.48,—,—
0123,D/E,0.11,0.14,0.18,0.21,0.27,0.23,0.12,0.11,0.13,0.23,0.28
0123,Price,0.1500,0.1600,0.0500,0.0500,0.1550,0.1650,0.2350,0.1350,0.0950,0.0800,0.0900
0129,Year End,TTM,2020-06,2019-06,2016-12,2015-12,2014-12,2013-12,2012-12,2011-12,2010-12,2009-12
0129,Revenue,9,9,15,28,34,32,43,42,40,35,114
0129,NP,-3,-3,-5,-3,-5,-1,1,-3,1,2,2
0129,EPS,-0.02,-0.02,-0.03,-0.03,-0.04,—,0.01,-0.03,0.01,0.02,0.01
0129,DPS,—,—,—,—,—,—,—,—,—,—,—
0129,Div Payout,—,—,—,—,—,—,—,—,—,—,—
0129,Shares,180,157,142,121,121,115,111,109,100,100,100
0129,BVPS,0.06,0.05,0.07,—,—,—,—,—,—,—,—
0129,OCF,-2,-1,-3,2,6,2,3,-13,-6,-5,—
0129,FCF,-2,-1,-3,2,5,2,3,-13,-6,-5,—
0129,NP Margin,-29.56,-32.04,-33.15,-12.52,-14.76,-1.57,1.21,-7.16,3.60,6.83,1.56
0129,ROE,-30.20,-31.88,-49.64,-31.00,-32.30,-2.92,3.17,-18.14,8.95,16.81,14.51
0129,Revenue GR,-8.39,-37.77,-22.51,-17.82,5.03,-24.65,2.03,3.78,14.59,—,—
0129,Revenue GR 3Y avg,—,-25.20,-15.99,-13.36,-6.88,-7.25,6.66,-28.40,-24.47,—,—
0129,Revenue GR 5Y avg,—,-21.10,-14.87,-7.19,-0.81,-22.36,-14.52,-11.54,-13.18,—,—
0129,Revenue GR 10Y avg,—,-18.30,-13.44,-10.23,—,—,—,—,—,—,—
0129,NP GR,—,—,—,—,—,—,-40.04,—,—,—,—
0129,NP GR 3Y avg,—,—,—,—,—,—,—,—,-14.12,—,—
0129,NP GR 5Y avg,—,—,—,—,—,—,—,—,—,—,—
0129,NP GR 10Y avg,0.0,0.0,0.0,0.0,0.0,0.0,0.0,0.0,0.0,0.0,0.0
0129,EPS GR,81.94,—,—,—,—,—,—,—,-41.67,—,—
0129,EPS GR 3Y avg,—,—,—,—,—,—,-42.34,—,—,—,—
0129,EPS GR 5Y avg,—,—,—,—,—,—,—,—,-18.10,—,—
0129,EPS GR 10Y avg,—,—,—,—,—,—,—,—,—,—,—
0129,OCF GR,—,—,—,-72.32,204.13,-41.72,—,—,—,—,—
0129,FCF GR,—,—,—,-66.62,231.60,-53.78,—,—,—,—,—
0129,D/E,0.08,0.08,0.09,0.04,0.08,0.08,0.12,0.05,0.04,0.03,0.08
0129,Price,0.8900,0.3900,0.2250,0.1600,0.2200,0.1150,0.1600,0.1600,0.1400,0.1500,0.0900
0132,Year End,TTM,2020-06,2018-04,2017-04,2016-04,2015-04,2014-04,2013-04,2011-12,2009-06,2008-06
0132,Revenue,53,55,56,53,24,20,13,8,13,22,17
0132,NP,-7,-10,-2,—,—,—,—,-9,2,8,8
0132,EPS,-0.01,-0.02,—,—,—,—,—,-0.04,0.01,0.04,0.04
0132,DPS,—,—,—,—,—,—,—,—,—,—,—
0132,Div Payout,—,—,—,—,—,—,—,—,—,—,—
0132,Shares,807,624,453,413,375,315,306,255,234,193,188
0132,BVPS,0.04,0.04,—,—,—,—,—,—,—,—,—
0132,OCF,8,-4,4,—,1,2,4,3,2,—,—
0132,FCF,14,-6,-2,-7,-2,-2,3,1,-1,—,—
0132,NP Margin,-13.59,-18.21,-3.25,0.80,1.21,-1.25,-3.46,—,15.18,35.53,48.64
0132,ROE,-21.59,-30.82,-5.20,1.55,1.13,-1.08,-2.53,—,9.88,17.60,25.22
0132,Revenue GR,13.88,-1.34,5.45,123.15,18.89,59.57,55.87,—,—,—,—
0132,Revenue GR 3Y avg,—,21.92,40.91,61.77,43.53,-1.28,-5.24,—,1.08,—,—
0132,Revenue GR 5Y avg,—,26.82,47.40,12.17,4.25,6.39,6.38,—,—,—,—
0132,Revenue GR 10Y avg,—,14.95,—,—,—,—,—,—,—,—,—
0132,NP GR,—,—,—,—,—,—,—,—,-23.40,—,—
0132,NP GR 3Y avg,—,—,—,-30.83,-34.93,—,—,—,—,—,—
0132,NP GR 5Y avg,—,—,—,—,—,—,—,—,—,—,—
0132,NP GR 10Y avg,0.0,0.0,0.0,0.0,0.0,0.0,0.0,0.0,0.0,0.0,0.0
0132,EPS GR,-29.03,—,—,—,—,—,—,—,—,—,—
0132,EPS GR 3Y avg,—,—,—,—,—,—,—,—,-38.83,—,—
0132,EPS GR 5Y avg,—,—,—,-39.29,-40.14,—,—,—,—,—,—
0132,EPS GR 10Y avg,—,—,—,—,—,—,—,—,—,—,—
0132,OCF GR,—,—,—,—,-27.93,-64.73,27.23,—,—,—,—
0132,FCF GR,—,—,—,—,—,—,216.06,—,—,—,—
0132,D/E,0.13,0.29,0.01,0.06,—,—,0.04,—,0.33,0.07,0.07
0132,Price,0.2150,0.0600,0.0750,0.1200,0.1200,0.1650,0.1200,0.1300,0.2350,0.1050,0.0900
0133,Year End,TTM,2020-12,2019-12,2018-12,2017-06,2016-06,2015-06,2014-06,2013-06,2012-06,2011-06
0133,Revenue,18,24,21,31,30,37,43,22,9,4,9
0133,NP,-13,-8,-21,-16,-3,4,3,2,1,-8,-15
0133,EPS,-0.17,-0.02,-0.10,-0.19,-0.03,0.05,0.19,0.34,0.24,-9.60,-19.23
0133,DPS,—,—,—,—,—,—,—,—,—,—,—
0133,Div Payout,—,—,—,—,—,—,—,—,—,—,—
0133,Shares,346,390,216,83,115,69,16,7,4,1,1
0133,BVPS,0.20,0.62,1.11,0.88,—,—,—,—,—,—,—
0133,OCF,-44,-31,-18,-10,-18,—,-38,-3,-9,-2,-1
0133,FCF,-47,-34,-65,-22,-24,-1,-42,-5,-18,-2,-1
0133,NP Margin,-69.88,-32.52,-95.55,-51.31,-11.38,10.31,6.98,10.16,9.74,-199.90,-153.82
0133,ROE,-4.98,-2.94,-8.25,-7.08,-2.07,2.75,3.25,5.03,3.34,-69.94,-84.29
0133,Revenue GR,-56.39,10.26,-30.84,2.30,-18.11,-14.42,91.13,140.89,142.10,-59.42,—
0133,Revenue GR 3Y avg,—,-6.53,-14.14,-8.75,10.23,57.95,123.38,33.27,-21.54,-38.63,—
0133,Revenue GR 5Y avg,—,-10.19,-0.76,24.48,50.85,31.09,17.33,6.15,-17.37,-31.19,—
0133,Revenue GR 10Y avg,—,1.99,2.47,2.42,1.89,—,—,—,—,—,—
0133,NP GR,—,—,—,—,—,60.98,—,—,64.58,—,—
0133,NP GR 3Y avg,—,—,—,—,—,—,71.21,—,1.19,—,—
0133,NP GR 5Y avg,—,—,—,—,—,—,—,—,—,—,—
0133,NP GR 10Y avg,0.0,0.0,0.0,0.0,0.0,0.0,0.0,0.0,0.0,0.0,0.0
0133,EPS GR,—,—,—,—,—,-70.50,-45.56,44.68,—,—,—
0133,EPS GR 3Y avg,—,—,—,—,—,-38.52,—,—,-2.96,—,—
0133,EPS GR 5Y avg,—,—,—,—,—,—,-6.36,-55.93,-31.92,—,—
0133,EPS GR 10Y avg,—,—,—,—,—,—,—,—,—,—,—
0133,OCF GR,—,—,—,—,—,—,—,—,—,—,—
0133,FCF GR,—,—,—,—,—,—,—,—,—,—,—
0133,D/E,0.13,0.13,0.15,—,—,—,0.01,0.19,0.28,—,—
0133,Price,0.0250,0.0550,0.0500,0.0600,0.1050,0.0650,0.1350,0.0750,0.0800,0.0750,0.3500
0140,Year End,TTM,2020-06,2019-06,2017-03,2016-03,2013-11,2012-11,2011-11,2010-11,2009-11,2008-11
0140,Revenue,35,65,86,101,189,508,540,456,139,15,29
0140,NP,-9,-8,-3,-34,-34,—,—,—,—,-4,3
0140,EPS,-0.01,-0.01,—,-0.01,-0.07,—,—,—,0.01,-0.05,0.04
0140,DPS,—,—,—,—,—,—,—,—,—,—,0.01
0140,Div Payout,—,—,—,—,—,—,—,—,—,—,—
0140,Shares,929,707,647,"1,786",495,369,355,267,89,82,82
0140,BVPS,0.07,0.06,0.07,—,—,—,—,—,—,—,—
0140,OCF,16,-3,9,-8,5,-3,-12,-10,12,—,—
0140,FCF,17,-6,1,-9,4,-11,-23,-17,6,—,—
0140,NP Margin,-25.25,-12.54,-3.23,-33.64,-17.90,0.02,0.01,0.01,0.36,-30.36,10.57
0140,ROE,-15.78,-18.19,-5.69,-55.96,-38.17,0.10,0.09,0.07,1.63,-15.12,9.98
0140,Revenue GR,-44.11,-24.14,-7.02,-46.78,-34.47,-5.88,18.41,228.21,—,—,—
0140,Revenue GR 3Y avg,—,-22.26,-27.31,-32.10,-18.33,54.08,232.21,150.54,—,—,—
0140,Revenue GR 5Y avg,—,-24.36,-19.79,-4.93,49.65,77.31,86.69,151.90,—,—,—
0140,Revenue GR 10Y avg,—,8.29,26.37,—,—,—,—,—,—,—,—
0140,NP GR,—,—,—,—,—,-41.80,—,-75.70,—,—,—
0140,NP GR 3Y avg,—,—,—,—,—,-49.77,-54.71,-46.83,—,—,—
0140,NP GR 5Y avg,—,—,—,—,—,—,—,—,—,—,—
0140,NP GR 10Y avg,0.0,0.0,0.0,0.0,0.0,0.0,0.0,0.0,0.0,0.0,0.0
0140,EPS GR,136.84,—,—,—,—,—,42.86,-97.50,—,—,—
0140,EPS GR 3Y avg,—,—,—,—,—,-67.07,—,-84.50,—,—,—
0140,EPS GR 5Y avg,—,—,—,—,—,-64.91,-67.24,-73.13,—,—,—
0140,EPS GR 10Y avg,—,—,—,—,—,—,—,—,—,—,—
0140,OCF GR,—,—,—,—,—,—,—,—,—,—,—
0140,FCF GR,—,—,—,—,—,—,—,—,—,—,—
0140,D/E,0.01,0.01,—,0.01,0.02,0.02,0.01,0.01,0.05,0.05,0.05
0140,Price,0.2050,0.1050,0.1950,0.2450,0.1450,0.1950,0.0400,0.0450,0.0750,0.0700,0.0800
0143,Year End,TTM,2020-05,2019-05,2018-05,2015-12,2014-12,2013-12,2012-12,2011-12,2010-12,2009-12
0143,Revenue,15,11,24,29,19,17,41,22,18,24,74
0143,NP,-18,-18,-2,4,-14,-34,-8,-19,-39,-49,10
0143,EPS,-0.02,-0.02,—,—,-0.02,-0.04,-0.01,-0.02,-0.05,-0.06,0.01
0143,DPS,—,—,—,—,—,—,—,—,—,—,—
0143,Div Payout,—,—,—,—,—,—,—,—,—,—,—
0143,Shares,"1,180",996,915,871,803,803,803,803,805,805,805
0143,BVPS,0.02,0.03,0.04,0.02,—,—,—,—,—,—,—
0143,OCF,-5,-5,-1,-3,-11,-12,-8,-9,-3,-25,—
0143,FCF,-5,-6,-1,-6,-11,-13,-9,-10,-4,-25,—
0143,NP Margin,-125.10,-158.17,-8.55,12.62,-72.34,-200.93,-18.37,-88.33,-210.86,-205.64,13.38
0143,ROE,-73.02,-68.64,-7.26,18.10,-49.52,-67.97,-10.58,-22.53,-34.29,-31.11,5.63
0143,Revenue GR,24.60,-52.83,-18.38,19.17,12.95,-58.52,90.33,17.20,-22.31,—,—
0143,Revenue GR 3Y avg,—,-11.32,8.06,-7.29,-3.75,-2.56,20.11,-33.73,-42.08,—,—
0143,Revenue GR 5Y avg,—,-18.19,1.67,7.56,-4.08,-25.48,-15.40,-17.45,—,—,—
0143,Revenue GR 10Y avg,—,-16.98,-7.19,—,—,—,—,—,—,—,—
0143,NP GR,—,—,—,—,—,—,—,—,—,—,—
0143,NP GR 3Y avg,—,—,—,—,—,—,—,—,—,—,—
0143,NP GR 5Y avg,—,—,—,—,—,—,—,—,—,—,—
0143,NP GR 10Y avg,0.0,0.0,0.0,0.0,0.0,0.0,0.0,0.0,0.0,0.0,0.0
0143,EPS GR,-28.57,—,—,—,—,—,—,—,—,—,—
0143,EPS GR 3Y avg,—,—,—,—,—,—,—,—,—,—,—
0143,EPS GR 5Y avg,—,—,—,—,—,—,—,—,—,—,—
0143,EPS GR 10Y avg,—,—,—,—,—,—,—,—,—,—,—
0143,OCF GR,—,—,—,—,—,—,—,—,—,—,—
0143,FCF GR,—,—,—,—,—,—,—,—,—,—,—
0143,D/E,—,0.03,—,—,—,—,—,—,—,—,—
0143,Price,0.1100,0.1000,0.0950,0.1350,0.1200,0.1400,0.1400,0.0550,0.1400,0.1100,0.1300
0145,Year End,TTM,2020-12,2019-12,2018-12,2017-12,2016-12,2015-12,2014-12,2013-12,2012-12,2011-12
0145,Revenue,9,19,88,51,71,68,76,90,97,62,34
0145,NP,-4,-4,-4,-2,-1,-3,1,-15,4,2,—
0145,EPS,-0.01,-0.01,-0.02,-0.01,—,-0.01,—,-0.04,0.01,0.01,—
0145,DPS,—,—,—,—,—,—,—,—,—,—,—
0145,Div Payout,—,—,—,—,—,—,—,—,—,—,—
0145,Shares,499,478,206,410,371,371,475,465,366,283,254
0145,BVPS,0.03,0.04,0.02,0.03,0.03,0.04,0.04,0.08,0.08,0.07,0.06
0145,OCF,-3,-1,-10,-1,4,-7,8,-8,4,5,4
0145,FCF,-3,-1,-11,-1,3,-7,8,-9,4,5,4
0145,NP Margin,-45.74,-18.74,-4.01,-3.89,-1.03,-3.92,0.69,-17.06,3.99,3.00,0.33
0145,ROE,-35.33,-31.19,-39.92,-17.27,-5.74,-18.43,3.33,-66.70,13.56,9.08,0.77
0145,Revenue GR,-77.50,-77.96,73.67,-28.62,3.61,-10.30,-15.13,-7.37,55.19,83.72,-11.56
0145,Revenue GR 3Y avg,—,-35.11,8.70,-12.79,-7.61,-10.99,6.85,38.23,36.11,0.53,35.83
0145,Revenue GR 5Y avg,—,-23.98,-0.45,-12.21,2.54,14.99,14.67,7.87,48.18,—,—
0145,Revenue GR 10Y avg,—,-6.63,3.63,14.06,—,—,—,—,—,—,—
0145,NP GR,—,—,—,—,—,—,-34.66,—,—,—,-20.16
0145,NP GR 3Y avg,—,—,—,—,—,—,—,—,77.09,—,—
0145,NP GR 5Y avg,—,—,—,—,—,—,—,—,—,—,—
0145,NP GR 10Y avg,0.0,0.0,0.0,0.0,0.0,0.0,0.0,0.0,0.0,0.0,0.0
0145,EPS GR,18.91,—,—,—,—,—,—,—,60.00,—,—
0145,EPS GR 3Y avg,—,—,—,—,—,—,-44.97,—,—,—,-22.22
0145,EPS GR 5Y avg,—,—,—,—,—,—,—,—,62.39,—,—
0145,EPS GR 10Y avg,—,—,—,—,—,—,—,—,—,—,—
0145,OCF GR,—,—,—,—,—,—,—,—,-23.95,19.83,—
0145,FCF GR,—,—,—,—,—,—,—,—,-24.43,40.84,—
0145,D/E,—,—,0.02,—,—,—,—,—,—,—,—
0145,Price,0.1750,0.2300,0.0650,0.0950,0.1450,0.1050,0.1250,0.1600,0.4250,0.2500,0.1700
0147,Year End,TTM,2020-12,2019-12,2018-12,2017-12,2016-12,2015-12,2014-12,2013-12,2012-12,2011-12
0147,Revenue,108,103,117,107,102,96,75,44,47,39,34
0147,NP,3,—,1,1,1,4,3,1,2,2,2
0147,EPS,0.02,—,—,0.01,0.01,0.03,0.02,—,0.02,0.02,0.02
0147,DPS,—,—,—,—,—,—,—,—,—,—,—
0147,Div Payout,—,—,—,—,—,—,—,—,—,—,—
0147,Shares,139,139,139,139,138,138,138,138,138,129,126
0147,BVPS,0.26,0.23,0.25,0.22,0.22,0.25,0.21,0.19,0.18,0.17,0.11
0147,OCF,6,-2,7,8,-1,9,5,1,1,4,1
0147,FCF,3,-4,4,6,-4,7,2,-1,-1,2,1
0147,NP Margin,3.05,-0.32,1.07,1.36,1.19,4.53,3.89,1.48,5.24,5.49,6.86
0147,ROE,9.63,-0.93,3.57,4.22,3.47,13.14,10.12,2.46,9.73,10.51,15.31
0147,Revenue GR,21.36,-12.08,9.59,5.23,6.24,27.15,70.02,-4.86,20.26,12.74,49.48
0147,Revenue GR 3Y avg,—,0.46,7.00,12.44,31.94,27.17,24.84,8.86,26.55,43.64,47.03
0147,Revenue GR 5Y avg,—,6.49,21.51,18.12,21.32,22.77,26.80,27.67,33.93,—,—
0147,Revenue GR 10Y avg,—,16.20,24.55,25.78,—,—,—,—,—,—,—
0147,NP GR,—,—,-33.96,-20.87,22.54,21.22,11.25,-34.64,129.52,—,88.80
0147,NP GR 3Y avg,—,—,13.71,-9.86,-10.66,13.01,70.77,—,47.42,—,—
0147,NP GR 5Y avg,—,—,—,15.28,—,—,—,—,—,—,—
0147,NP GR 10Y avg,0.0,0.0,0.0,0.0,0.0,0.0,0.0,0.0,0.0,0.0,0.0
0147,EPS GR,-98.11,—,-14.29,20.69,-72.20,48.34,348.94,-73.30,7.32,-12.30,—
0147,EPS GR 3Y avg,—,—,-34.00,-20.76,22.78,21.16,8.76,-36.89,122.40,—,67.21
0147,EPS GR 5Y avg,—,—,13.88,-9.81,-11.91,10.85,67.51,—,34.49,—,—
0147,EPS GR 10Y avg,—,—,—,10.13,—,—,—,—,—,—,—
0147,OCF GR,—,—,-19.31,—,—,89.08,358.83,-6.03,-71.79,339.03,—
0147,FCF GR,—,—,-33.93,—,—,180.04,—,—,—,277.09,—
0147,D/E,0.02,0.02,0.02,—,—,—,0.01,0.01,0.01,0.01,0.02
0147,Price,0.4950,0.3850,0.4450,0.6950,0.6500,0.6150,0.3200,0.3600,0.2900,0.4500,0.2000
0148,Year End,TTM,2020-12,2019-12,2018-12,2017-12,2016-12,2015-12,2014-12,2013-12,2012-12,2011-12
0148,Revenue,85,82,241,300,303,40,32,37,37,33,32
0148,NP,-11,-13,-16,-7,3,—,—,1,4,1,2
0148,EPS,-0.02,-0.03,-0.03,-0.01,0.01,—,—,—,0.01,0.01,0.01
0148,DPS,—,—,—,—,—,—,—,—,—,—,—
0148,Div Payout,—,—,—,136.4,—,—,—,73.4,82.3,66.7,42.8
0148,Shares,529,529,528,507,535,449,355,314,259,259,259
0148,BVPS,0.15,0.16,0.20,0.21,0.22,0.20,0.10,0.15,0.12,0.12,0.11
0148,OCF,21,7,-11,-4,4,—,-5,4,2,-1,2
0148,FCF,19,5,-15,-6,1,-6,-10,4,2,-1,—
0148,NP Margin,-12.87,-16.09,-6.75,-2.31,1.14,-0.33,-1.16,2.95,9.40,4.32,5.56
0148,ROE,-12.34,-14.79,-16.39,-6.72,3.53,-0.17,-0.72,2.65,11.21,4.76,6.06
0148,Revenue GR,10.82,-65.82,-19.92,-1.00,658.38,24.18,-13.71,0.03,13.81,3.75,7.19
0148,Revenue GR 3Y avg,—,-35.29,81.84,110.47,101.05,2.34,-0.59,5.71,8.17,5.09,6.38
0148,Revenue GR 5Y avg,—,20.61,45.15,51.76,56.05,4.83,1.79,5.73,7.29,7.22,—
0148,Revenue GR 10Y avg,—,10.80,23.88,27.60,29.35,—,—,—,—,—,—
0148,NP GR,—,—,—,—,46.71,—,—,-14.45,17.76,-6.85,-2.49
0148,NP GR 3Y avg,—,—,—,—,19.64,—,—,-8.90,13.11,-12.50,—
0148,NP GR 5Y avg,—,—,—,—,2.32,—,—,—,—,—,—
0148,NP GR 10Y avg,0.0,0.0,0.0,0.0,0.0,0.0,0.0,0.0,0.0,0.0,0.0
0148,EPS GR,-91.84,—,—,—,—,—,—,-73.91,155.56,-25.00,-14.29
0148,EPS GR 3Y avg,—,—,—,—,27.65,—,—,-20.63,18.00,-9.14,-5.01
0148,EPS GR 5Y avg,—,—,—,—,6.76,—,—,-12.94,10.44,-16.37,—
0148,EPS GR 10Y avg,—,—,—,—,-5.51,—,—,—,—,—,—
0148,OCF GR,—,—,—,—,—,—,—,109.74,—,—,-49.06
0148,FCF GR,—,—,—,—,—,—,—,118.42,—,—,—
0148,D/E,0.06,0.06,0.17,0.04,0.01,0.02,0.06,0.08,0.13,0.16,0.19
0148,Price,0.2100,0.1800,0.1050,0.1650,0.3100,0.2050,0.4200,0.4250,0.2250,0.2400,0.2300
0150,Year End,TTM,2020-03,2019-03,2018-03,2017-03,2016-03,2015-03,2014-01,2013-01,2012-01,2011-01
0150,Revenue,88,15,15,31,5,10,53,4,2,6,2
0150,NP,863,226,-40,43,2,-27,-4,-1,-4,-20,—
0150,EPS,0.50,0.15,-0.06,0.03,—,-0.08,-0.01,—,-0.03,-0.14,—
0150,DPS,—,—,—,—,—,—,—,—,—,—,—
0150,Div Payout,—,—,—,—,—,—,—,—,—,—,—
0150,Shares,"1,689","1,551","1,690","1,658",522,477,287,153,145,139,98
0150,BVPS,0.32,0.32,0.17,0.25,0.10,0.16,0.20,—,—,—,—
0150,OCF,-33,-40,-27,-20,-16,-1,-37,-11,—,2,-2
0150,FCF,-38,-41,-29,-20,-16,-1,-45,-15,-2,-1,-6
0150,NP Margin,983.57,—,-260.56,140.64,40.09,-288.20,-7.09,-17.43,-189.97,-361.61,12.10
0150,ROE,105.94,98.15,-33.64,46.92,4.62,-52.58,-5.87,-2.95,-19.57,-62.66,0.76
0150,Revenue GR,890.60,-1.49,-50.28,476.90,-43.75,-82.12,892.68,59.98,-58.08,150.29,—
0150,Revenue GR 3Y avg,—,41.38,17.29,-16.59,12.38,56.37,104.70,18.85,-11.84,152.14,—
0150,Revenue GR 5Y avg,—,-22.25,31.73,65.18,-0.58,32.72,70.59,60.80,—,—,—
0150,Revenue GR 10Y avg,—,15.89,45.29,—,—,—,—,—,—,—,—
0150,NP GR,—,372.22,—,—,—,—,—,—,—,—,—
0150,NP GR 3Y avg,—,—,—,—,—,—,—,—,—,—,—
0150,NP GR 5Y avg,—,80.21,—,—,—,—,—,—,—,—,—
0150,NP GR 10Y avg,0.0,0.0,0.0,0.0,0.0,0.0,0.0,0.0,0.0,0.0,0.0
0150,EPS GR,-225.35,—,—,518.75,—,—,—,—,—,—,—
0150,EPS GR 3Y avg,—,225.48,—,—,—,—,—,—,—,—,—
0150,EPS GR 5Y avg,—,—,—,—,—,—,—,—,—,—,—
0150,EPS GR 10Y avg,—,36.68,—,—,—,—,—,—,—,—,—
0150,OCF GR,—,—,—,—,—,—,—,—,—,—,—
0150,FCF GR,—,—,—,—,—,—,—,—,—,—,—
0150,D/E,0.01,0.03,—,—,—,—,—,—,—,0.10,0.07
0150,Price,0.0600,0.0300,0.0550,0.1050,0.0550,0.0450,0.1000,0.2450,0.1150,0.0700,0.0600
0152,Year End,TTM,2020-12,2015-09,2014-09,2013-09,2012-09,2011-09,2010-09,2009-09,2008-09,2007-09
0152,Revenue,16,13,6,9,12,13,16,15,3,2,—
0152,NP,-18,-13,-5,-5,-2,—,-5,—,2,2,—
0152,EPS,-0.11,-0.11,-0.10,-0.21,-0.11,-0.01,-0.24,-0.01,0.12,0.09,—
0152,DPS,—,—,—,—,—,—,—,—,—,—,—
0152,Div Payout,—,—,—,—,—,—,—,—,—,—,—
0152,Shares,373,153,92,25,22,20,20,18,20,20,—
0152,BVPS,0.13,—,—,—,—,—,—,—,—,—,—
0152,OCF,-20,-25,-11,-1,-1,3,-2,—,—,—,—
0152,FCF,-24,-30,-12,-1,-2,3,-2,—,—,—,—
0152,NP Margin,-109.29,-102.73,-88.70,-58.09,-21.34,-1.60,-30.86,-0.60,74.77,85.37,—
0152,ROE,-16.05,-25.98,-23.05,-65.11,-28.91,-2.21,-42.13,-0.92,57.34,62.66,—
0152,Revenue GR,83.88,15.77,-31.19,-23.88,-8.34,-18.96,6.50,—,—,—,—
0152,Revenue GR 3Y avg,—,1.72,-21.70,-17.31,-7.51,59.15,93.86,—,—,—,—
0152,Revenue GR 5Y avg,—,-1.86,-16.15,22.97,40.17,—,—,—,—,—,—
0152,Revenue GR 10Y avg,—,—,—,—,—,—,—,—,—,—,—
0152,NP GR,—,—,—,—,—,—,—,—,—,—,—
0152,NP GR 3Y avg,—,—,—,—,—,—,—,—,—,—,—
0152,NP GR 5Y avg,—,—,—,—,—,—,—,—,—,—,—
0152,NP GR 10Y avg,0.0,0.0,0.0,0.0,0.0,0.0,0.0,0.0,0.0,0.0,0.0
0152,EPS GR,-55.56,—,—,—,—,—,—,—,—,—,—
0152,EPS GR 3Y avg,—,—,—,—,—,—,—,—,—,—,—
0152,EPS GR 5Y avg,—,—,—,—,—,—,—,—,—,—,—
0152,EPS GR 10Y avg,—,—,—,—,—,—,—,—,—,—,—
0152,OCF GR,—,—,—,—,—,—,—,—,—,—,—
0152,FCF GR,—,—,—,—,—,—,—,—,—,—,—
0152,D/E,0.85,2.42,—,—,0.02,0.03,0.03,0.03,—,—,—
0152,Price,0.0750,0.2250,0.1150,0.0950,0.1600,0.1800,0.1250,0.0550,0.0500,0.0550,0.0550
0153,Year End,TTM,2020-03,2019-03,2018-03,2017-03,2016-03,2015-03,2014-03,2013-03,2010-12,2009-12
0153,Revenue,30,52,55,59,60,61,62,65,67,63,10
0153,NP,-8,-5,-5,-5,—,-3,1,3,-4,—,2
0153,EPS,-0.01,-0.01,-0.01,-0.01,—,—,—,—,-0.01,—,0.10
0153,DPS,—,—,—,—,—,—,—,—,—,—,—
0153,Div Payout,—,—,—,—,—,—,150.0,—,—,—,—
0153,Shares,728,728,728,728,725,723,729,735,735,696,19
0153,BVPS,0.05,0.07,0.08,0.09,0.08,0.06,0.07,0.07,—,—,—
0153,OCF,4,7,1,1,1,1,4,8,2,-2,—
0153,FCF,3,6,-6,-4,—,—,—,6,-2,-4,—
0153,NP Margin,-26.42,-10.61,-8.23,-8.18,0.76,-5.05,0.95,5.28,-6.58,-0.52,18.69
0153,ROE,-15.51,-10.66,-8.00,-7.82,0.73,-5.51,1.19,6.97,-8.68,-0.71,4.91
0153,Revenue GR,-70.51,-6.15,-5.65,-2.54,-1.66,-2.11,-4.74,-2.38,—,—,—
0153,Revenue GR 3Y avg,—,-4.79,-3.30,-2.10,-2.85,-3.08,—,54.20,—,—,—
0153,Revenue GR 5Y avg,—,-3.64,-3.35,-2.69,—,32.73,—,—,—,—,—
0153,Revenue GR 10Y avg,—,—,—,—,—,—,—,—,—,—,—
0153,NP GR,—,—,—,—,-49.00,—,—,14.55,—,—,—
0153,NP GR 3Y avg,—,—,—,—,—,—,—,—,—,—,—
0153,NP GR 5Y avg,—,—,—,—,—,—,—,—,—,—,—
0153,NP GR 10Y avg,0.0,0.0,0.0,0.0,0.0,0.0,0.0,0.0,0.0,0.0,0.0
0153,EPS GR,200.07,—,—,—,—,—,-82.98,—,—,—,—
0153,EPS GR 3Y avg,—,—,—,—,-48.73,—,—,-51.68,—,—,—
0153,EPS GR 5Y avg,—,—,—,—,—,—,—,—,—,—,—
0153,EPS GR 10Y avg,—,—,—,—,—,—,—,—,—,—,—
0153,OCF GR,—,976.97,-41.08,-11.57,39.04,-75.31,-51.72,390.40,—,—,—
0153,FCF GR,—,—,—,—,—,—,—,—,—,—,—
0153,D/E,0.04,0.03,0.03,0.03,0.02,0.02,0.02,0.01,0.02,0.04,0.18
0153,Price,0.1400,0.1400,0.1200,0.1150,0.1800,0.2450,0.1650,0.1950,0.1550,0.1200,0.1400
0154,Year End,TTM,2019-03,2018-03,2017-03,2016-03,2014-12,2013-12,2012-12,2011-12,2010-12,2009-12
0154,Revenue,23,27,21,38,36,40,92,46,37,—,—
0154,NP,-47,-51,-8,3,-32,5,9,6,8,—,—
0154,EPS,-0.01,-0.01,—,—,-0.01,—,0.01,0.01,0.02,—,—
0154,DPS,—,—,—,—,—,—,—,—,—,—,—
0154,Div Payout,—,—,—,—,—,—,—,—,—,—,—
0154,Shares,—,"4,959","2,313","2,609","2,265","1,604","1,170",859,465,—,—
0154,BVPS,0.02,—,—,—,—,—,—,—,—,—,—
0154,OCF,-7,11,-23,-2,-8,8,5,8,1,—,—
0154,FCF,-7,11,-23,-2,-8,5,5,8,1,—,—
0154,NP Margin,-206.08,-189.43,-37.95,7.38,-87.89,11.37,9.80,13.24,21.96,—,—
0154,ROE,-23.46,-29.85,-5.35,2.16,-25.94,4.98,13.90,11.03,21.78,—,—
0154,Revenue GR,79.63,28.09,-45.73,6.90,-8.86,-56.02,99.18,25.78,—,—,—
0154,Revenue GR 3Y avg,—,-9.42,-18.39,-23.50,-7.36,3.29,—,—,—,—,—
0154,Revenue GR 5Y avg,—,-20.95,-14.02,0.91,—,—,—,—,—,—,—
0154,Revenue GR 10Y avg,—,—,—,—,—,—,—,—,—,—,—
0154,NP GR,—,—,—,-29.91,—,-17.08,—,—,—,—,—
0154,NP GR 3Y avg,—,—,—,-18.01,—,—,—,—,—,—,—
0154,NP GR 5Y avg,—,—,—,—,—,—,—,—,—,—,—
0154,NP GR 10Y avg,0.0,0.0,0.0,0.0,0.0,0.0,0.0,0.0,0.0,0.0,0.0
0154,EPS GR,-73.00,—,—,—,—,-62.83,10.47,-38.52,—,—,—
0154,EPS GR 3Y avg,—,—,—,-45.53,—,-36.80,—,—,—,—,—
0154,EPS GR 5Y avg,—,—,—,-36.20,—,—,—,—,—,—,—
0154,EPS GR 10Y avg,—,—,—,—,—,—,—,—,—,—,—
0154,OCF GR,—,—,—,—,—,57.47,-38.28,717.38,—,—,—
0154,FCF GR,—,—,—,—,—,-7.00,-37.25,—,—,—,—
0154,D/E,0.01,0.01,0.01,0.02,0.02,0.02,0.01,0.02,0.03,—,—
0154,Price,0.0300,0.0250,0.0100,0.0150,0.0350,0.0750,0.0850,0.1150,0.2000,0.1450,0.2100
0156,Year End,TTM,2020-12,2019-12,2018-12,2017-12,2016-12,2015-12,2014-12,2013-12,2012-12,2011-12
0156,Revenue,13,13,18,11,8,6,9,11,9,7,9
0156,NP,-29,-37,-5,-9,-6,-4,-11,1,1,—,-1
0156,EPS,-0.04,-0.05,-0.01,-0.01,—,-0.01,-0.02,—,—,—,-0.01
0156,DPS,—,—,—,—,—,—,—,—,—,—,—
0156,Div Payout,—,—,—,—,—,—,—,—,—,—,—
0156,Shares,720,715,710,710,710,710,535,547,366,330,144
0156,BVPS,0.07,0.10,0.12,0.12,0.13,0.14,0.15,0.13,0.12,0.12,0.08
0156,OCF,17,4,-2,-3,-9,—,-1,6,-1,-5,2
0156,FCF,10,-4,-15,-16,-23,-8,-5,-6,-7,-8,—
0156,NP Margin,-219.77,-280.51,-30.73,-80.31,-77.71,-72.57,-126.49,12.23,10.67,1.68,-14.68
0156,ROE,-45.71,-56.61,-6.55,-9.49,-6.48,-4.27,-14.07,2.70,2.14,0.37,-7.06
0156,Revenue GR,9.60,-26.94,66.36,30.94,34.22,-30.26,-17.40,19.98,21.38,-23.44,46.42
0156,Revenue GR 3Y avg,—,16.75,42.99,7.02,-8.22,-11.59,6.35,3.69,10.81,—,—
0156,Revenue GR 5Y avg,—,8.30,10.99,3.97,2.40,-8.47,6.16,—,—,—,—
0156,Revenue GR 10Y avg,—,7.22,—,—,—,—,—,—,—,—,—
0156,NP GR,—,—,—,—,—,—,—,—,-36.37,—,—
0156,NP GR 3Y avg,—,—,—,—,—,—,—,—,—,—,—
0156,NP GR 5Y avg,—,—,—,—,—,—,—,—,—,—,—
0156,NP GR 10Y avg,0.0,0.0,0.0,0.0,0.0,0.0,0.0,0.0,0.0,0.0,0.0
0156,EPS GR,-139.73,—,—,—,—,—,—,-7.69,550.00,—,—
0156,EPS GR 3Y avg,—,—,—,—,—,—,—,—,-54.42,—,—
0156,EPS GR 5Y avg,—,—,—,—,—,—,—,—,—,—,—
0156,EPS GR 10Y avg,—,—,—,—,—,—,—,—,—,—,—
0156,OCF GR,—,—,—,—,—,—,—,—,—,—,-59.45
0156,FCF GR,—,—,—,—,—,—,—,—,—,—,-89.88
0156,D/E,—,0.01,—,—,—,—,—,—,—,—,—
0156,Price,0.1900,0.1500,0.1000,0.1000,0.2200,0.1650,0.2850,0.2150,0.1300,0.0900,0.1600
0158,Year End,TTM,2020-12,2019-12,2018-12,2017-12,2016-12,2015-12,2014-12,2013-12,2012-12,2011-12
0158,Revenue,42,45,65,66,64,61,60,42,39,35,36
0158,NP,1,2,5,7,6,7,6,7,5,5,5
0158,EPS,0.01,0.01,0.04,0.05,0.04,0.05,0.05,0.05,0.04,0.03,0.04
0158,DPS,—,—,0.03,0.03,0.03,0.03,0.02,0.02,0.02,0.03,0.01
0158,Div Payout,—,104.9,89.7,64.0,69.3,31.6,35.1,35.2,41.9,93.4,4.8
0158,Shares,141,141,141,141,141,141,141,141,141,141,141
0158,BVPS,0.31,0.30,0.30,0.30,0.28,0.27,0.23,0.22,0.21,0.22,0.22
0158,OCF,5,6,5,5,5,8,4,5,4,4,3
0158,FCF,4,5,4,4,5,7,3,3,3,3,3
0158,NP Margin,2.07,3.35,8.33,10.81,9.50,11.17,10.61,15.56,13.43,13.08,14.52
0158,ROE,2.00,3.47,12.70,17.32,15.39,18.22,18.38,20.15,16.76,14.39,16.66
0158,Revenue GR,-21.82,-30.32,-1.49,3.88,5.01,0.45,42.91,9.19,10.63,-2.54,85.35
0158,Revenue GR 3Y avg,—,-10.66,2.43,3.10,14.66,16.16,19.96,5.59,25.96,—,—
0158,Revenue GR 5Y avg,—,-5.54,9.06,11.33,12.74,11.07,25.54,—,—,—,—
0158,Revenue GR 10Y avg,—,8.90,—,—,—,—,—,—,—,—,—
0158,NP GR,—,-36.87,-7.14,3.73,-2.73,9.24,11.87,8.05,-4.32,—,—
0158,NP GR 3Y avg,—,-24.98,-3.76,6.58,5.74,5.40,1.54,—,—,—,—
0158,NP GR 5Y avg,—,-12.72,—,—,—,—,—,—,—,—,—
0158,NP GR 10Y avg,0.0,0.0,0.0,0.0,0.0,0.0,0.0,0.0,0.0,0.0,0.0
0158,EPS GR,-150.00,-71.88,-24.11,17.95,-10.63,5.74,-2.60,26.48,13.64,-10.83,-42.53
0158,EPS GR 3Y avg,—,-36.86,-7.17,3.69,-2.72,9.21,11.87,8.62,-16.49,—,—
0158,EPS GR 5Y avg,—,-24.96,-3.80,6.55,5.76,5.71,-6.43,—,—,—,—
0158,EPS GR 10Y avg,—,-16.20,—,—,—,—,—,—,—,—,—
0158,OCF GR,—,11.26,-1.51,0.44,-33.74,98.09,-15.85,17.05,2.84,19.39,31.10
0158,FCF GR,—,20.22,17.45,-21.43,-28.92,116.37,-0.16,-8.79,9.60,6.46,37.19
0158,D/E,0.01,0.01,0.01,—,—,—,—,0.01,0.01,—,—
0158,Price,0.3900,0.3800,0.4850,0.4850,0.5100,1.7200,1.8300,1.2700,1.0400,0.8300,0.8500
0159,Year End,TTM,2018-12,2017-12,2016-12,2015-12,2014-12,2013-12,2012-12,2011-12,2010-12,2009-12
0159,Revenue,4,13,15,10,11,21,35,45,37,—,—
0159,NP,-27,-27,2,-10,-106,-20,5,12,15,—,—
0159,EPS,-0.11,-0.11,0.01,-0.04,-0.44,-0.09,0.04,0.11,0.28,—,—
0159,DPS,—,—,—,—,—,—,—,—,—,—,—
0159,Div Payout,—,—,—,—,—,—,—,—,—,—,—
0159,Shares,—,239,239,239,239,226,128,98,53,—,—
0159,BVPS,-0.02,—,—,—,—,—,—,—,—,—,—
0159,OCF,-1,-3,3,-3,10,10,-2,-5,44,—,—
0159,FCF,-1,-3,-5,-3,-3,-18,-49,-12,-10,—,—
0159,NP Margin,-721.64,-197.39,14.83,-104.70,-948.92,-97.66,14.93,26.19,41.07,—,—
0159,ROE,-282.17,-222.16,9.49,-35.94,-123.15,-14.52,4.74,16.84,36.27,—,—
0159,Revenue GR,—,-12.70,60.50,-13.86,-46.75,-40.70,-21.30,22.49,—,—,—
0159,Revenue GR 3Y avg,—,6.47,-9.70,-35.20,-37.13,-17.00,—,—,—,—,—
0159,Revenue GR 5Y avg,—,-17.54,-19.24,-23.49,—,—,—,—,—,—,—
0159,Revenue GR 10Y avg,—,—,—,—,—,—,—,—,—,—,—
0159,NP GR,—,—,—,—,—,—,—,—,—,—,—
0159,NP GR 3Y avg,—,—,-27.92,—,—,—,—,—,—,—,—
0159,NP GR 5Y avg,—,—,—,—,—,—,—,—,—,—,—
0159,NP GR 10Y avg,0.0,0.0,0.0,0.0,0.0,0.0,0.0,0.0,0.0,0.0,0.0
0159,EPS GR,-93.85,—,—,—,—,—,-58.29,-30.41,—,—,—
0159,EPS GR 3Y avg,—,—,—,—,—,—,—,—,—,—,—
0159,EPS GR 5Y avg,—,—,-37.33,—,—,—,—,—,—,—,—
0159,EPS GR 10Y avg,—,—,—,—,—,—,—,—,—,—,—
0159,OCF GR,—,—,—,—,3.71,—,—,—,—,—,—
0159,FCF GR,—,—,—,—,—,—,—,—,—,—,—
0159,D/E,—,—,—,—,—,—,—,—,—,—,—
0159,Price,0.1300,0.1300,0.0950,0.0500,0.1350,0.1450,0.1300,0.0950,0.1000,0.1350,0.0550
0160,Year End,TTM,2020-12,2019-12,2018-12,2017-12,2016-12,2015-12,2014-12,2013-12,2012-12,2011-12
0160,Revenue,36,37,51,53,42,29,25,37,43,39,41
0160,NP,-1,-1,2,2,1,1,-2,—,3,3,6
0160,EPS,—,—,0.01,0.01,—,—,—,—,0.01,0.01,0.02
0160,DPS,—,—,—,—,—,—,—,—,—,—,—
0160,Div Payout,—,—,—,—,—,—,—,—,—,—,—
0160,Shares,329,330,331,333,333,333,333,333,333,258,248
0160,BVPS,0.20,0.19,0.18,0.17,0.17,0.16,0.17,0.14,0.14,0.14,—
0160,OCF,12,9,12,8,4,2,2,-2,5,1,4
0160,FCF,3,1,7,7,3,2,-2,-8,-7,-2,—
0160,NP Margin,-1.88,-3.48,3.65,3.64,1.87,3.24,-6.56,-0.95,5.94,7.57,14.83
0160,ROE,-1.04,-2.01,3.01,3.42,1.40,1.70,-2.92,-0.67,5.46,8.37,26.52
0160,Revenue GR,-9.41,-26.78,-4.48,28.33,44.50,17.20,-32.98,-14.02,8.59,-3.99,—
0160,Revenue GR 3Y avg,—,-3.54,20.99,29.53,4.31,-12.26,-14.47,-3.58,—,—,—
0160,Revenue GR 5Y avg,—,8.74,6.83,4.60,1.17,-6.78,—,—,—,—,—
0160,Revenue GR 10Y avg,—,—,—,—,—,—,—,—,—,—,—
0160,NP GR,—,—,25.80,—,—,-28.29,—,—,—,—,—
0160,NP GR 3Y avg,—,—,—,-5.16,-23.53,-31.21,—,—,—,—,—
0160,NP GR 5Y avg,—,—,—,—,—,—,—,—,—,—,—
0160,NP GR 10Y avg,0.0,0.0,0.0,0.0,0.0,0.0,0.0,0.0,0.0,0.0,0.0
0160,EPS GR,146.15,—,-3.45,152.17,-17.86,—,—,—,-31.53,-54.51,—
0160,EPS GR 3Y avg,—,—,25.99,—,—,-28.31,—,—,—,—,—
0160,EPS GR 5Y avg,—,—,—,-5.26,-27.01,-35.14,—,—,—,—,—
0160,EPS GR 10Y avg,—,—,—,—,—,—,—,—,—,—,—
0160,OCF GR,—,-22.93,53.92,79.44,100.68,28.82,—,—,333.93,-69.65,—
0160,FCF GR,—,-81.36,8.45,116.90,80.04,—,—,—,—,—,—
0160,D/E,0.20,0.20,0.22,0.26,0.22,0.25,0.35,0.36,0.40,0.36,0.46
0160,Price,0.1200,0.1150,0.1050,0.0850,0.1050,0.0800,0.0950,0.1250,0.1450,0.1700,0.0000
0161,Year End,TTM,2020-08,2019-08,2018-08,2017-08,2016-08,2015-08,2014-08,2013-08,2012-08,2011-08
0161,Revenue,124,121,117,33,44,37,60,65,61,—,—
0161,NP,-5,-8,6,-8,2,2,6,7,8,—,—
0161,EPS,-0.02,-0.04,0.03,-0.06,0.01,0.01,0.05,0.06,0.07,—,—
0161,DPS,—,—,—,—,—,0.03,0.03,0.03,—,—,—
0161,Div Payout,—,—,—,—,388.8,151.5,115.6,—,—,—,—
0161,Shares,185,185,199,173,189,137,137,124,107,—,—
0161,BVPS,0.42,0.44,0.46,0.36,0.46,0.47,0.47,—,—,—,—
0161,OCF,5,7,5,5,-2,4,13,1,5,—,—
0161,FCF,2,4,2,4,-3,-2,7,-1,4,—,—
0161,NP Margin,-3.71,-6.59,4.93,-24.24,4.13,4.41,10.83,10.99,12.51,—,—
0161,ROE,-5.71,-9.75,6.94,-11.16,2.87,2.57,10.22,14.26,19.68,—,—
0161,Revenue GR,-7.91,3.76,251.58,-24.74,19.33,-37.93,-8.83,6.81,—,—,—
0161,Revenue GR 3Y avg,—,40.02,46.71,-17.70,-12.27,-15.45,—,—,—,—,—
0161,Revenue GR 5Y avg,—,15.25,12.31,-11.50,—,—,—,—,—,—,—
0161,Revenue GR 10Y avg,—,—,—,—,—,—,—,—,—,—,—
0161,NP GR,—,—,52.21,—,-36.72,-40.27,—,—,—,—,—
0161,NP GR 3Y avg,—,—,-4.35,—,—,—,—,—,—,—,—
0161,NP GR 5Y avg,—,—,—,—,—,—,—,—,—,—,—
0161,NP GR 10Y avg,0.0,0.0,0.0,0.0,0.0,0.0,0.0,0.0,0.0,0.0,0.0
0161,EPS GR,-94.55,—,—,—,-20.00,-74.52,-18.65,-18.91,—,—,—
0161,EPS GR 3Y avg,—,—,33.89,—,-45.06,-44.81,—,—,—,—,—
0161,EPS GR 5Y avg,—,—,-13.04,—,—,—,—,—,—,—,—
0161,EPS GR 10Y avg,—,—,—,—,—,—,—,—,—,—,—
0161,OCF GR,—,38.54,-5.95,—,—,-71.80,—,-87.94,—,—,—
0161,FCF GR,—,68.47,-40.66,—,—,—,—,—,—,—,—
0161,D/E,0.55,0.22,0.58,0.70,0.07,—,0.01,0.03,0.13,—,—
0161,Price,0.0950,0.1250,0.1100,0.1700,0.2000,0.2400,0.2100,0.2950,0.0000,0.0,0.0
0162,Year End,TTM,2020-12,2019-12,2018-12,2017-12,2016-12,2015-12,2014-12,2013-12,2012-12,2011-12
0162,Revenue,78,86,187,289,—,43,37,39,36,24,20
0162,NP,3,4,12,19,3,2,-1,-4,1,—,-3
0162,EPS,—,—,—,0.01,0.02,0.01,-0.01,-0.03,0.01,—,-0.03
0162,DPS,—,—,—,—,—,—,—,—,—,—,—
0162,Div Payout,—,—,—,—,—,—,—,—,—,—,—
0162,Shares,"2,962","2,918","2,946","2,103",136,136,135,125,120,120,109
0162,BVPS,0.11,0.07,0.07,0.06,0.22,0.20,0.20,0.18,0.16,0.14,0.11
0162,OCF,5,-14,27,-46,—,4,—,1,2,-2,-4
0162,FCF,2,-17,26,-58,-1,3,-11,-5,—,-2,-7
0162,NP Margin,3.58,4.67,6.42,6.66,—,3.73,-2.37,-10.02,3.40,1.29,-14.52
0162,ROE,1.24,2.31,7.50,20.92,10.65,5.91,-3.58,-17.90,6.36,1.78,-19.22
0162,Revenue GR,-30.07,-54.09,-35.30,—,—,16.31,-4.62,6.94,47.76,21.65,64.52
0162,Revenue GR 3Y avg,—,—,63.55,98.86,—,5.86,14.65,24.34,43.54,—,—
0162,Revenue GR 5Y avg,—,18.49,37.15,51.65,—,16.35,24.71,—,—,—,—
0162,Revenue GR 10Y avg,—,21.56,—,—,—,—,—,—,—,—,—
0162,NP GR,—,9.33,95.95,—,—,9.17,—,—,-32.13,—,—
0162,NP GR 3Y avg,—,—,—,73.47,57.74,—,—,—,—,—,—
0162,NP GR 5Y avg,—,0.23,—,—,—,—,—,—,—,—,—
0162,NP GR 10Y avg,0.0,0.0,0.0,0.0,0.0,0.0,0.0,0.0,0.0,0.0,0.0
0162,EPS GR,-57.14,-71.43,-46.74,-59.11,90.68,—,—,—,292.31,—,—
0162,EPS GR 3Y avg,—,-60.37,-25.39,—,—,4.98,—,—,-48.41,—,—
0162,EPS GR 5Y avg,—,—,—,-2.04,53.97,—,—,—,—,—,—
0162,EPS GR 10Y avg,—,-32.78,—,—,—,—,—,—,—,—,—
0162,OCF GR,—,—,—,—,-93.82,—,—,-38.06,—,—,—
0162,FCF GR,—,—,—,—,—,—,—,—,—,—,—
0162,D/E,0.62,0.43,0.53,0.75,—,0.19,0.33,—,—,—,—
0162,Price,0.5850,0.7950,0.5650,0.2500,0.4150,0.2350,0.1600,0.3100,0.2200,0.1700,0.1700
0165,Year End,TTM,2020-09,2018-06,2017-06,2016-06,2015-06,2014-06,2013-06,2010-12,2009-12,2008-12
0165,Revenue,272,251,201,192,161,91,57,41,20,7,—
0165,NP,-56,-52,-6,2,-10,1,-1,5,-16,-13,-1
0165,EPS,-0.04,-0.04,-0.01,—,-0.03,—,-0.01,0.03,-0.13,-0.10,-0.01
0165,DPS,—,—,—,—,—,—,—,—,—,—,—
0165,Div Payout,—,—,—,—,—,—,—,—,—,—,—
0165,Shares,"2,621","1,387",934,671,360,166,156,151,125,125,125
0165,BVPS,0.09,0.03,—,—,—,—,—,—,—,—,—
0165,OCF,-2,-1,-2,-5,-20,14,—,-5,4,—,—
0165,FCF,-22,-18,-22,-28,-44,9,-3,-9,2,—,—
0165,NP Margin,-20.50,-20.81,-3.12,1.06,-5.96,0.83,-2.20,11.26,-79.61,-198.97,—
0165,ROE,-26.28,-29.69,-11.96,2.17,-19.77,4.10,-7.32,33.04,—,—,-125.75
0165,Revenue GR,22.49,10.45,4.86,19.22,76.74,59.43,39.80,—,—,—,—
0165,Revenue GR 3Y avg,—,11.09,30.25,49.77,57.93,—,34.79,68.34,—,—,—
0165,Revenue GR 5Y avg,—,26.75,37.55,—,45.96,61.15,—,—,—,—,—
0165,Revenue GR 10Y avg,—,—,—,—,—,—,—,—,—,—,—
0165,NP GR,—,—,—,—,—,—,—,—,—,—,—
0165,NP GR 3Y avg,—,—,—,—,—,—,—,—,—,—,—
0165,NP GR 5Y avg,—,—,—,—,—,—,—,—,—,—,—
0165,NP GR 10Y avg,0.0,0.0,0.0,0.0,0.0,0.0,0.0,0.0,0.0,0.0,0.0
0165,EPS GR,-2.70,—,—,—,—,—,—,—,—,—,—
0165,EPS GR 3Y avg,—,—,—,—,—,—,—,—,—,—,—
0165,EPS GR 5Y avg,—,—,—,—,—,—,—,—,—,—,—
0165,EPS GR 10Y avg,—,—,—,—,—,—,—,—,—,—,—
0165,OCF GR,—,—,—,—,—,—,—,—,—,—,—
0165,FCF GR,—,—,—,—,—,—,—,—,—,—,—
0165,D/E,0.02,0.03,—,0.02,0.01,0.02,0.01,0.02,—,—,—
0165,Price,0.0650,0.1300,0.0500,0.0650,0.0700,0.1050,0.1400,0.0700,0.1050,0.1400,0.1700
0167,Year End,TTM,2020-12,2019-12,2018-12,2017-12,2016-12,2015-12,2014-12,2013-12,2012-12,2011-12
0167,Revenue,56,56,59,68,59,59,57,34,39,38,36
0167,NP,2,2,-2,-4,-4,1,4,-6,-2,-2,-1
0167,EPS,0.01,0.01,-0.01,-0.02,-0.02,—,0.03,-0.05,-0.02,-0.02,-0.01
0167,DPS,—,—,—,—,—,—,—,—,—,—,—
0167,Div Payout,—,—,—,—,—,—,—,—,—,—,—
0167,Shares,197,196,202,202,179,179,131,117,117,117,112
0167,BVPS,0.14,0.14,0.12,0.16,0.18,0.18,0.09,0.15,0.20,0.20,0.16
0167,OCF,8,4,4,7,7,1,3,1,-4,—,1
0167,FCF,7,2,2,-1,-3,-2,2,-2,-5,-4,-2
0167,NP Margin,3.89,3.43,-4.16,-6.33,-6.05,1.45,6.24,-16.34,-4.99,-6.25,-3.89
0167,ROE,8.05,7.40,-9.79,-15.13,-10.92,2.49,13.98,-28.28,-8.57,-9.87,-6.39
0167,Revenue GR,-1.79,-4.32,-14.15,15.33,-0.14,3.45,67.61,-12.57,1.96,5.46,21.31
0167,Revenue GR 3Y avg,—,-1.79,-0.38,6.01,20.08,14.88,14.32,-2.04,9.26,23.84,—
0167,Revenue GR 5Y avg,—,-0.43,11.38,11.79,9.07,10.27,13.83,11.11,—,—,—
0167,Revenue GR 10Y avg,—,6.46,11.24,—,—,—,—,—,—,—,—
0167,NP GR,—,—,—,—,—,—,—,—,—,—,—
0167,NP GR 3Y avg,—,-11.64,—,—,—,—,-4.50,—,—,—,—
0167,NP GR 5Y avg,—,-8.14,—,—,—,—,—,—,—,—,—
0167,NP GR 10Y avg,0.0,0.0,0.0,0.0,0.0,0.0,0.0,0.0,0.0,0.0,0.0
0167,EPS GR,-29.55,—,—,—,—,-82.42,—,—,—,—,—
0167,EPS GR 3Y avg,—,—,—,—,—,—,—,—,—,—,—
0167,EPS GR 5Y avg,—,-18.53,—,—,—,—,-22.87,—,—,—,—
0167,EPS GR 10Y avg,—,-20.73,—,—,—,—,—,—,—,—,—
0167,OCF GR,—,-0.83,-47.15,5.55,377.57,-58.86,327.73,—,—,—,-79.83
0167,FCF GR,—,30.69,—,—,—,—,—,—,—,—,—
0167,D/E,0.13,0.14,0.16,—,—,—,0.02,0.03,0.06,—,—
0167,Price,0.4950,0.2000,0.1550,0.1300,0.1800,0.1400,0.2050,0.1800,0.1350,0.1200,0.1750
0169,Year End,TTM,2020-07,2019-07,2018-07,2017-07,2015-03,2013-09,2012-09,2011-09,2010-09,2009-09
0169,Revenue,2,2,2,2,3,3,1,1,6,—,—
0169,NP,-3,-1,-2,-4,-8,-13,-17,-3,-2,—,—
0169,EPS,-0.01,—,-0.01,-0.03,-0.02,-0.41,-0.30,-0.05,-0.03,—,—
0169,DPS,—,—,—,—,—,—,—,—,—,—,—
0169,Div Payout,—,—,—,—,—,—,—,—,—,—,—
0169,Shares,203,177,149,126,341,64,57,57,49,—,—
0169,BVPS,0.05,0.10,0.09,0.11,0.19,—,—,—,—,—,—
0169,OCF,-7,-4,-1,-8,-5,-6,-4,-2,9,—,—
0169,FCF,-8,-4,-1,-8,-5,-7,-5,-10,2,—,—
0169,NP Margin,-195.00,-45.65,-104.45,-256.17,-298.73,-497.85,—,-200.83,-28.71,—,—
0169,ROE,-16.11,-5.72,-14.64,-34.60,-58.77,-73.05,-52.32,-6.32,-4.67,—,—
0169,Revenue GR,-23.01,5.23,12.43,-43.91,—,73.31,-13.67,-77.26,—,—,—
0169,Revenue GR 3Y avg,—,-12.78,—,-15.41,24.61,-20.52,—,—,—,—,—
0169,Revenue GR 5Y avg,—,-7.05,6.78,2.06,-12.57,—,—,—,—,—,—
0169,Revenue GR 10Y avg,—,—,—,—,—,—,—,—,—,—,—
0169,NP GR,—,—,—,—,—,—,—,—,—,—,—
0169,NP GR 3Y avg,—,—,—,—,—,—,—,—,—,—,—
0169,NP GR 5Y avg,—,—,—,—,—,—,—,—,—,—,—
0169,NP GR 10Y avg,0.0,0.0,0.0,0.0,0.0,0.0,0.0,0.0,0.0,0.0,0.0
0169,EPS GR,—,—,—,—,—,—,—,—,—,—,—
0169,EPS GR 3Y avg,—,—,—,—,—,—,—,—,—,—,—
0169,EPS GR 5Y avg,—,—,—,—,—,—,—,—,—,—,—
0169,EPS GR 10Y avg,—,—,—,—,—,—,—,—,—,—,—
0169,OCF GR,—,—,—,—,—,—,—,—,—,—,—
0169,FCF GR,—,—,—,—,—,—,—,—,—,—,—
0169,D/E,—,—,—,—,—,—,—,—,—,—,—
0169,Price,0.0850,0.1450,0.1850,0.1150,0.0450,0.0800,0.0800,0.1300,0.0750,0.0900,0.2300
0170,Year End,TTM,2019-12,2018-12,2017-12,2016-12,2015-12,2014-12,2013-12,2012-12,2011-12,2010-12
0170,Revenue,44,65,57,74,69,66,67,50,—,—,—
0170,NP,-6,7,-2,7,5,10,7,5,—,—,—
0170,EPS,—,0.01,—,0.01,0.01,0.02,0.01,0.05,—,—,—
0170,DPS,—,—,—,—,—,—,—,—,—,—,—
0170,Div Payout,—,—,—,—,—,—,—,—,—,—,—
0170,Shares,"1,593","1,180",840,798,651,547,516,109,—,—,—
0170,BVPS,0.07,0.12,0.14,0.15,0.14,0.14,0.12,—,—,—,—
0170,OCF,-3,12,-5,14,-20,5,-6,1,—,—,—
0170,FCF,-44,-8,-22,-22,-35,-12,-22,-1,—,—,—
0170,NP Margin,-13.52,10.53,-3.00,9.93,7.96,14.71,10.52,9.89,—,—,—
0170,ROE,-3.65,5.08,-1.38,5.99,5.03,11.93,11.23,8.54,—,—,—
0170,Revenue GR,-49.56,13.86,-22.27,6.85,3.73,-0.61,32.96,—,—,—,—
0170,Revenue GR 3Y avg,—,-1.85,-4.85,3.28,11.09,—,—,—,—,—,—
0170,Revenue GR 5Y avg,—,-0.51,2.63,—,—,—,—,—,—,—,—
0170,Revenue GR 10Y avg,—,—,—,—,—,—,—,—,—,—,—
0170,NP GR,—,7.71,—,1.32,3.35,—,—,—,—,—,—
0170,NP GR 3Y avg,—,-0.50,—,—,—,—,—,—,—,—,—
0170,NP GR 5Y avg,—,—,—,—,—,—,—,—,—,—,—
0170,NP GR 10Y avg,0.0,0.0,0.0,0.0,0.0,0.0,0.0,0.0,0.0,0.0,0.0
0170,EPS GR,371.43,—,—,-16.67,-52.81,30.88,-70.06,—,—,—,—
0170,EPS GR 3Y avg,—,-11.61,—,-19.86,-43.02,—,—,—,—,—,—
0170,EPS GR 5Y avg,—,-15.67,—,—,—,—,—,—,—,—,—
0170,EPS GR 10Y avg,—,—,—,—,—,—,—,—,—,—,—
0170,OCF GR,—,—,—,—,—,—,—,—,—,—,—
0170,FCF GR,—,—,—,—,—,—,—,—,—,—,—
0170,D/E,0.21,0.32,0.29,0.23,0.05,0.01,—,—,—,—,—
0170,Price,0.0650,0.0650,0.0700,0.0800,0.0500,0.2050,0.2750,0.1150,0.3800,0.3600,0.0000
0173,Year End,TTM,2020-12,2019-12,2018-12,2017-12,2016-12,2015-12,2014-12,2013-12,2012-12,2011-12
0173,Revenue,—,—,—,—,—,23,18,27,36,37,39
0173,NP,-3,-2,-1,-1,57,6,2,-3,2,5,—
0173,EPS,-0.02,-0.02,-0.01,—,0.42,0.04,0.02,0.07,0.02,0.04,—
0173,DPS,—,—,—,—,—,—,—,—,—,—,—
0173,Div Payout,—,—,—,—,—,—,—,—,—,—,—
0173,Shares,135,135,135,135,135,135,135,135,135,135,110
0173,BVPS,0.02,0.04,0.04,0.04,0.05,0.45,0.39,0.27,0.17,0.21,0.04
0173,OCF,-2,-1,-2,2,-7,3,1,3,2,3,1
0173,FCF,-2,-1,-2,2,-7,3,1,2,2,—,—
0173,NP Margin,—,—,—,—,—,25.18,12.37,-9.67,5.81,13.89,0.02
0173,ROE,-80.32,-57.22,-22.88,-9.73,182.90,11.00,5.07,-7.08,6.31,20.20,0.05
0173,Revenue GR,—,—,—,—,—,31.84,-33.81,-25.60,-3.64,-3.36,9.54
0173,Revenue GR 3Y avg,—,—,—,—,—,-13.41,-22.01,-11.52,0.66,—,—
0173,Revenue GR 5Y avg,—,—,—,—,—,-9.58,-12.87,—,—,—,—
0173,Revenue GR 10Y avg,—,—,—,—,—,—,—,—,—,—,—
0173,NP GR,—,—,—,—,—,41.18,-24.98,—,-36.25,—,—
0173,NP GR 3Y avg,—,—,—,—,61.31,287.74,-22.95,—,—,—,—
0173,NP GR 5Y avg,—,—,—,—,—,—,—,—,—,—,—
0173,NP GR 10Y avg,0.0,0.0,0.0,0.0,0.0,0.0,0.0,0.0,0.0,0.0,0.0
0173,EPS GR,366.67,—,—,—,862.64,169.33,—,—,-59.71,—,-99.98
0173,EPS GR 3Y avg,—,—,—,—,—,41.21,-25.03,—,-63.19,—,—
0173,EPS GR 5Y avg,—,—,—,—,61.31,279.19,-44.61,—,—,—,—
0173,EPS GR 10Y avg,—,—,—,—,—,—,—,—,—,—,—
0173,OCF GR,—,—,—,—,—,169.17,-60.56,29.47,-31.34,320.91,-49.53
0173,FCF GR,—,—,—,—,—,165.25,-51.76,5.99,673.57,71.59,—
0173,D/E,—,—,—,—,—,—,—,—,—,—,—
0173,Price,0.2400,0.2000,0.1200,0.2000,0.4000,0.5050,0.5900,0.7750,0.6200,0.3700,0.6100
0174,Year End,TTM,2020-06,2019-06,2016-12,2015-12,2014-12,2013-12,2012-12,2011-12,2010-12,2009-12
0174,Revenue,11,11,12,57,57,29,10,9,8,—,—
0174,NP,-5,-3,-17,1,-4,-2,—,-3,3,—,—
0174,EPS,-0.01,-0.01,-0.06,—,-0.02,-0.01,—,-0.02,0.03,—,—
0174,DPS,—,—,—,—,—,—,—,—,0.01,—,—
0174,Div Payout,—,—,—,—,—,—,—,—,—,—,—
0174,Shares,272,272,272,247,254,163,118,118,95,—,—
0174,BVPS,0.05,0.06,0.11,—,—,—,—,—,—,—,—
0174,OCF,—,—,2,2,-3,-4,-1,-2,-1,—,—
0174,FCF,—,—,2,—,-3,-5,-6,-7,-1,—,—
0174,NP Margin,-45.50,-22.98,-141.99,1.98,-6.33,-6.04,-4.17,-31.12,36.62,—,—
0174,ROE,-32.47,-18.72,-70.91,2.38,-8.00,-5.38,-1.84,-11.90,10.64,—,—
0174,Revenue GR,7.77,-5.68,—,0.24,94.44,190.43,7.60,24.20,—,—,—
0174,Revenue GR 3Y avg,—,-37.06,-35.95,78.22,82.48,57.16,—,—,—,—,—
0174,Revenue GR 5Y avg,—,-15.90,3.18,49.89,—,—,—,—,—,—,—
0174,Revenue GR 10Y avg,—,—,—,—,—,—,—,—,—,—,—
0174,NP GR,—,—,—,—,—,—,—,—,—,—,—
0174,NP GR 3Y avg,—,—,—,-16.34,—,—,—,—,—,—,—
0174,NP GR 5Y avg,—,—,—,—,—,—,—,—,—,—,—
0174,NP GR 10Y avg,0.0,0.0,0.0,0.0,0.0,0.0,0.0,0.0,0.0,0.0,0.0
0174,EPS GR,-106.67,—,—,—,—,—,—,—,—,—,—
0174,EPS GR 3Y avg,—,—,—,—,—,—,—,—,—,—,—
0174,EPS GR 5Y avg,—,—,—,-33.28,—,—,—,—,—,—,—
0174,EPS GR 10Y avg,—,—,—,—,—,—,—,—,—,—,—
0174,OCF GR,—,—,—,—,—,—,—,—,—,—,—
0174,FCF GR,—,—,—,—,—,—,—,—,—,—,—
0174,D/E,0.22,0.22,0.26,0.15,0.14,0.16,0.29,0.08,0.01,—,—
0174,Price,0.0750,0.0300,0.0250,0.0400,0.0550,0.0450,0.0800,0.0900,0.1400,0.1200,0.2400
0175,Year End,TTM,2018-12,2017-12,2016-12,2015-12,2014-12,2013-12,2012-12,2011-12,2010-12,2009-12
0175,Revenue,100,115,115,85,91,92,74,—,—,—,—
0175,NP,-10,-4,—,—,9,10,10,—,—,—,—
0175,EPS,-0.22,-0.08,0.01,—,0.25,0.28,0.30,—,—,—,—
0175,DPS,—,—,—,—,0.02,—,—,—,—,—,—
0175,Div Payout,—,—,—,—,7.4,—,—,—,—,—,—
0175,Shares,46,42,42,42,35,37,33,—,—,—,—
0175,BVPS,0.27,1.69,1.94,1.82,1.84,1.54,—,—,—,—,—
0175,OCF,-1,12,9,18,16,17,14,—,—,—,—
0175,FCF,-2,10,—,-10,-10,9,7,—,—,—,—
0175,NP Margin,-9.99,-3.05,0.32,0.05,9.67,11.21,13.21,—,—,—,—
0175,ROE,-13.27,-4.42,0.47,0.06,12.23,19.49,26.08,—,—,—,—
0175,Revenue GR,1.76,-0.45,36.26,-7.08,-0.70,24.30,—,—,—,—,—
0175,Revenue GR 3Y avg,—,8.02,7.93,4.68,—,—,—,—,—,—,—
0175,Revenue GR 5Y avg,—,9.24,—,—,—,—,—,—,—,—,—
0175,Revenue GR 10Y avg,—,—,—,—,—,—,—,—,—,—,—
0175,NP GR,—,—,-67.09,-83.33,—,—,—,—,—,—,—
0175,NP GR 3Y avg,—,—,—,—,—,—,—,—,—,—,—
0175,NP GR 5Y avg,—,—,—,—,—,—,—,—,—,—,—
0175,NP GR 10Y avg,0.0,0.0,0.0,0.0,0.0,0.0,0.0,0.0,0.0,0.0,0.0
0175,EPS GR,25.22,—,—,-99.71,-9.00,-6.38,—,—,—,—,—
0175,EPS GR 3Y avg,—,—,-68.43,-86.51,—,—,—,—,—,—,—
0175,EPS GR 5Y avg,—,—,—,—,—,—,—,—,—,—,—
0175,EPS GR 10Y avg,—,—,—,—,—,—,—,—,—,—,—
0175,OCF GR,—,24.91,-48.07,15.28,-10.38,28.46,—,—,—,—,—
0175,FCF GR,—,—,—,—,—,40.61,—,—,—,—,—
0175,D/E,0.36,0.22,0.27,0.34,0.18,0.23,0.61,—,—,—,—
0175,Price,0.6250,0.6250,0.1800,0.1150,0.1400,0.2850,0.2750,0.6050,0.4300,0.0000,0.0
0176,Year End,TTM,2020-12,2019-12,2018-12,2017-12,2016-12,2015-12,2014-12,2013-12,2012-12,2011-12
0176,Revenue,265,265,236,163,144,81,61,—,—,—,—
0176,NP,1,1,19,16,12,7,3,—,—,—,—
0176,EPS,—,—,0.04,0.05,0.04,2.79,0.01,—,—,—,—
0176,DPS,—,—,0.02,—,—,—,—,—,—,—,—
0176,Div Payout,—,—,—,—,—,—,—,—,—,—,—
0176,Shares,523,516,468,361,294,256,237,—,—,—,—
0176,BVPS,0.39,—,—,—,—,—,—,—,—,—,—
0176,OCF,21,21,34,28,-10,4,-6,—,—,—,—
0176,FCF,2,2,3,21,-13,2,-11,—,—,—,—
0176,NP Margin,0.53,0.53,7.90,9.97,8.36,8.81,4.97,—,—,—,—
0176,ROE,0.61,0.61,9.62,11.89,15.52,17.85,9.74,—,—,—,—
0176,Revenue GR,13.19,12.74,44.42,12.95,77.62,32.48,—,—,—,—,—
0176,Revenue GR 3Y avg,—,22.52,42.56,38.52,—,—,—,—,—,—,—
0176,Revenue GR 5Y avg,—,34.04,—,—,—,—,—,—,—,—,—
0176,Revenue GR 10Y avg,—,—,—,—,—,—,—,—,—,—,—
0176,NP GR,—,-50.99,37.45,74.69,—,—,—,—,—,—,—
0176,NP GR 3Y avg,—,-14.18,—,—,—,—,—,—,—,—,—
0176,NP GR 5Y avg,—,—,—,—,—,—,—,—,—,—,—
0176,NP GR 10Y avg,0.0,0.0,0.0,0.0,0.0,0.0,0.0,0.0,0.0,0.0,0.0
0176,EPS GR,-134.86,-92.95,-11.97,-98.90,—,116.28,—,—,—,—,—
0176,EPS GR 3Y avg,—,-91.19,12.48,51.77,—,—,—,—,—,—,—
0176,EPS GR 5Y avg,—,-26.33,—,—,—,—,—,—,—,—,—
0176,EPS GR 10Y avg,—,—,—,—,—,—,—,—,—,—,—
0176,OCF GR,—,-38.29,20.62,—,—,—,—,—,—,—,—
0176,FCF GR,—,-24.07,-87.91,—,—,—,—,—,—,—,—
0176,D/E,0.01,0.01,0.03,0.05,0.01,—,0.02,—,—,—,—
0176,Price,0.7050,0.7700,0.7850,0.7500,0.6050,0.9250,0.3100,0.2050,0.2350,0.0000,0.0
