code,detail,TTM,Y1,Y2,Y3,Y4,Y5,Y6,Y7,Y8,Y9,Y10
4863,Year End,TTM,2020-12,2019-12,2018-12,2017-12,2016-12,2015-12,2014-12,2013-12,2012-12,2011-12
4863,Revenue,"11,092","10,840","11,434","11,819","12,085","12,060","11,722","11,235","10,629","9,994","9,151"
4863,NP,"1,189","1,016",633,153,930,776,700,831,"1,012","1,264","1,191"
4863,EPS,0.31,0.27,0.17,0.04,0.24,0.20,0.18,0.23,0.28,0.35,0.33
4863,DPS,0.14,0.17,0.02,0.12,0.21,0.21,0.23,0.26,0.22,0.20,0.39
4863,Div Payout,45.8,90.8,10.0,127.4,100.9,99.1,116.4,96.9,76.4,55.5,76.7
4863,Shares,"3,804","3,799","3,787","3,780","3,774","3,758","3,740","3,634","3,577","3,577","3,577"
4863,BVPS,1.90,1.82,1.97,2.00,2.00,2.00,2.01,1.89,1.89,1.93,2.15
4863,OCF,—,—,—,—,—,—,—,—,—,—,—
4863,FCF,"1,494","1,249","2,003",309,-901,-834,395,914,381,176,"1,068"
4863,NP Margin,10.72,9.37,5.53,1.30,7.69,6.43,5.97,7.40,9.52,12.65,13.02
4863,ROE,16.62,14.04,8.50,1.99,11.97,10.03,9.12,11.31,14.43,18.23,16.23
4863,Revenue GR,9.88,-5.19,-3.26,-2.20,0.20,2.89,4.33,5.71,6.36,9.21,4.09
4863,Revenue GR 3Y avg,—,-3.56,-1.76,0.28,2.46,4.30,5.46,7.08,6.53,5.10,1.80
4863,Revenue GR 5Y avg,—,-1.55,0.35,2.15,3.87,5.68,5.92,5.47,4.15,-10.95,-11.01
4863,Revenue GR 10Y avg,—,2.12,2.88,3.14,-3.82,-3.03,-1.72,—,—,—,—
4863,NP GR,—,3.00,-6.58,-39.75,3.78,-8.48,-17.86,-11.28,-6.67,23.35,9.74
4863,NP GR 3Y avg,—,7.73,-5.32,-31.45,-5.95,-8.21,-10.87,4.32,2.35,-13.65,-12.35
4863,NP GR 5Y avg,—,-2.01,-0.62,-16.24,-9.88,-10.30,-1.98,—,—,—,—
4863,NP GR 10Y avg,0.0,0.0,0.0,0.0,0.0,0.0,0.0,0.0,0.0,0.0,0.0
4863,EPS GR,112.50,59.88,307.32,-83.33,19.42,10.16,-18.34,-19.08,-19.83,6.01,-1.77
4863,EPS GR 3Y avg,—,2.77,-6.76,-39.70,2.42,-10.04,-19.09,-11.73,-5.84,24.71,13.46
4863,EPS GR 5Y avg,—,7.38,-6.12,-32.05,-6.97,-9.16,-11.22,4.70,4.42,-13.85,-22.82
4863,EPS GR 10Y avg,—,-2.36,-0.86,-15.77,-10.48,-16.27,-8.96,—,—,—,—
4863,OCF GR,—,-23.29,35.47,6.93,-15.13,-3.17,-2.39,7.81,2.64,-10.13,1.93
4863,FCF GR,—,-37.63,548.28,—,—,—,-56.79,140.11,116.44,-83.54,879.19
4863,D/E,1.00,1.18,1.27,1.11,0.90,1.00,0.92,0.83,0.68,0.74,0.92
4863,Price,6.1300,5.4100,3.8200,2.6600,6.3000,5.9500,6.7800,6.8800,5.5500,6.0400,4.9600
5005,Year End,TTM,2020-12,2019-12,2018-12,2017-12,2016-12,2015-12,2014-12,2013-12,2012-12,2011-12
5005,Revenue,"1,408","1,289","1,251","1,351","1,466","1,323","1,260","1,038",991,"1,092","1,161"
5005,NP,191,143,-10,96,159,162,156,68,-105,-32,20
5005,EPS,0.26,0.20,-0.01,0.13,0.22,0.22,0.22,0.10,-0.16,-0.05,0.03
5005,DPS,0.08,0.06,0.07,0.09,0.07,0.11,0.10,0.04,0.02,0.02,0.05
5005,Div Payout,32.6,234.3,124.8,45.5,45.1,44.6,53.5,—,—,—,20.4
5005,Shares,748,731,727,730,730,734,706,674,674,674,674
5005,BVPS,2.46,1.84,1.92,1.99,2.01,1.85,1.83,1.46,1.54,1.52,1.57
5005,OCF,305,296,161,237,339,351,329,223,212,171,225
5005,FCF,23,55,-68,65,182,228,183,177,149,49,-58
5005,NP Margin,13.57,11.07,-0.76,7.09,10.88,12.27,12.34,6.59,-10.64,-2.96,1.70
5005,ROE,11.39,9.13,-0.69,6.64,11.12,11.74,13.09,6.89,-10.60,-3.05,1.84
5005,Revenue GR,36.80,3.04,-7.41,-7.81,10.81,4.95,21.40,4.82,-9.29,-5.94,-16.79
5005,Revenue GR 3Y avg,—,-4.19,-1.84,2.35,12.18,10.12,4.90,-3.65,-10.79,1.76,-2.00
5005,Revenue GR 5Y avg,—,0.45,3.80,6.41,6.06,2.65,-2.01,0.04,-4.29,2.34,10.88
5005,Revenue GR 10Y avg,—,-0.79,1.90,0.92,4.19,6.68,—,—,—,—,—
5005,NP GR,—,-3.61,—,-14.91,32.58,—,—,51.38,—,—,-0.19
5005,NP GR 3Y avg,—,-1.70,—,—,—,52.42,-3.09,2.05,—,—,-24.09
5005,NP GR 5Y avg,—,-2.39,—,17.06,2.96,7.56,—,—,—,—,—
5005,NP GR 10Y avg,0.0,0.0,0.0,0.0,0.0,0.0,0.0,0.0,0.0,0.0,0.0
5005,EPS GR,—,—,—,-39.58,-1.76,0.36,117.14,—,—,—,-89.14
5005,EPS GR 3Y avg,—,-3.51,—,-15.86,28.88,—,—,51.31,—,—,-11.38
5005,EPS GR 5Y avg,—,-2.40,—,—,—,49.82,-3.97,-3.16,—,—,-30.06
5005,EPS GR 10Y avg,—,-3.19,—,12.05,-1.49,2.36,—,—,—,—,—
5005,OCF GR,—,83.79,-32.11,-30.07,-3.30,6.67,47.61,5.00,23.91,-23.84,-15.81
5005,FCF GR,—,—,—,-64.32,-20.13,24.67,3.75,18.36,202.61,—,—
5005,D/E,0.05,0.06,0.08,0.01,0.01,0.01,0.01,0.05,0.17,0.23,0.20
5005,Price,7.6800,6.1800,2.1600,3.2800,3.6500,2.3600,2.3800,1.7800,1.0000,0.8600,1.0900
5006,Year End,TTM,2020-03,2019-03,2018-03,2017-03,2015-01,2014-01,2013-01,2012-01,2011-01,2010-01
5006,Revenue,40,72,55,25,87,92,122,136,110,42,40
5006,NP,4,3,-5,-10,2,2,4,4,3,1,-4
5006,EPS,0.06,0.04,-0.07,-0.15,0.02,0.03,0.06,0.05,0.04,0.02,-0.06
5006,DPS,0.03,—,—,—,—,—,—,—,—,—,—
5006,Div Payout,40.1,—,—,—,—,—,—,—,—,—,—
5006,Shares,67,67,67,67,67,67,67,67,67,67,67
5006,BVPS,0.70,0.67,0.72,0.85,0.89,—,—,—,—,—,—
5006,OCF,-29,3,-3,-4,2,6,3,-1,1,-2,—
5006,FCF,-30,3,-3,-5,-1,6,3,-1,—,-2,—
5006,NP Margin,10.42,3.94,-9.18,-40.52,1.85,2.35,3.11,2.63,2.69,2.47,-9.22
5006,ROE,9.09,6.01,-10.36,-17.83,2.70,3.82,7.03,7.13,6.27,2.31,-8.04
5006,Revenue GR,5.80,31.98,121.92,-71.87,-2.46,-24.34,-10.32,24.24,160.34,—,—
5006,Revenue GR 3Y avg,—,-6.26,-11.85,-31.92,-10.07,-5.53,42.62,49.91,4.44,—,—
5006,Revenue GR 5Y avg,—,-8.19,-13.77,-21.50,12.60,17.98,4.88,-3.10,-11.39,—,—
5006,Revenue GR 10Y avg,—,-2.55,-9.14,-17.12,-0.28,—,—,—,—,—,—
5006,NP GR,—,20.52,—,—,-17.31,-9.62,53.91,—,-24.61,—,—
5006,NP GR 3Y avg,—,-4.58,—,—,7.47,—,-11.20,-19.02,-31.69,—,—
5006,NP GR 5Y avg,—,-7.60,—,—,-9.57,—,—,—,—,—,—
5006,NP GR 10Y avg,0.0,0.0,0.0,0.0,0.0,0.0,0.0,0.0,0.0,0.0,0.0
5006,EPS GR,2.67,—,—,—,-12.61,-42.76,5.99,21.64,183.23,—,—
5006,EPS GR 3Y avg,—,20.55,—,—,-17.31,-9.63,53.99,—,-24.62,—,—
5006,EPS GR 5Y avg,—,-4.58,—,—,7.49,—,-11.20,-19.04,-31.68,—,—
5006,EPS GR 10Y avg,—,-7.60,—,—,-9.52,—,—,—,—,—,—
5006,OCF GR,—,—,—,—,-38.00,77.01,—,—,—,—,—
5006,FCF GR,—,—,—,—,—,75.57,—,—,—,—,—
5006,D/E,0.03,0.03,0.03,0.03,0.04,0.02,0.02,0.01,0.01,0.01,—
5006,Price,0.0000,0.0000,0.8100,1.5300,0.2850,0.3200,0.3750,0.3500,0.3850,0.4050,0.2900
5007,Year End,TTM,2020-06,2019-06,2018-06,2017-06,2016-06,2015-06,2014-06,2013-06,2012-06,2011-06
5007,Revenue,443,535,681,591,521,508,502,485,462,502,502
5007,NP,2,2,58,56,51,63,41,36,22,48,36
5007,EPS,0.01,0.01,0.20,0.19,0.17,0.21,0.14,0.13,0.08,0.17,0.13
5007,DPS,0.01,0.05,0.08,0.07,0.08,0.08,0.05,0.04,0.03,0.01,0.03
5007,Div Payout,214.2,75.0,36.8,43.0,23.4,39.0,30.5,47.9,58.6,17.8,—
5007,Shares,289,293,294,297,300,300,283,273,273,273,273
5007,BVPS,2.00,2.01,1.92,1.76,1.77,1.59,1.45,1.34,1.28,1.22,—
5007,OCF,13,37,38,21,24,101,61,54,59,14,30
5007,FCF,4,18,12,9,11,92,48,45,54,6,15
5007,NP Margin,0.38,0.45,8.46,9.45,9.77,12.47,8.11,7.39,4.82,9.50,7.08
5007,ROE,0.29,0.42,10.28,10.38,9.89,13.43,9.85,9.78,6.43,15.06,12.59
5007,Revenue GR,-10.03,-21.42,15.13,13.43,2.59,1.14,3.52,5.08,-7.91,—,—
5007,Revenue GR 3Y avg,—,0.86,10.24,5.58,2.41,3.23,0.06,-1.09,4.56,10.89,—
5007,Revenue GR 5Y avg,—,1.26,7.00,5.06,0.77,0.26,4.46,5.70,-1.56,5.17,—
5007,Revenue GR 10Y avg,—,2.85,6.35,1.70,2.95,—,—,—,—,—,—
5007,NP GR,—,-63.79,-3.14,11.12,12.40,41.68,-5.08,0.30,16.93,157.17,—
5007,NP GR 3Y avg,—,-43.16,9.94,20.19,1.34,12.27,23.92,66.51,-3.82,22.41,—
5007,NP GR 5Y avg,—,-16.07,35.30,7.52,11.38,—,—,—,—,—,—
5007,NP GR 10Y avg,0.0,0.0,0.0,0.0,0.0,0.0,0.0,0.0,0.0,0.0,0.0
5007,EPS GR,-6.20,-95.82,4.09,10.83,-19.71,47.25,9.28,60.76,-53.20,34.15,—
5007,EPS GR 3Y avg,—,-63.59,-2.52,9.43,8.92,37.27,-6.32,0.31,16.90,156.98,—
5007,EPS GR 5Y avg,—,-43.60,8.31,18.15,-0.57,10.18,22.92,66.42,-3.80,22.41,—
5007,EPS GR 10Y avg,—,-16.74,34.26,6.61,10.32,—,—,—,—,—,—
5007,OCF GR,—,-3.58,84.16,-14.14,-76.15,64.99,13.39,-9.29,334.46,-53.84,—
5007,FCF GR,—,53.10,31.13,-16.70,-88.42,90.51,7.23,-16.05,819.24,-61.11,—
5007,D/E,—,—,—,—,—,—,—,—,0.02,0.03,0.03
5007,Price,1.1500,1.0100,1.8000,1.5400,1.7900,1.4500,1.5400,1.3400,1.0700,1.3500,1.5100
5008,Year End,TTM,2020-12,2019-12,2018-12,2017-12,2016-12,2015-12,2014-12,2013-12,2012-12,2011-12
5008,Revenue,"1,841","1,811","1,764","1,651","1,551","1,500","1,498","1,445","1,400","1,366","1,275"
5008,NP,34,29,27,22,22,21,15,-9,26,28,36
5008,EPS,0.50,0.43,0.39,0.32,0.32,0.30,0.21,-0.14,0.38,0.41,0.52
5008,DPS,0.20,0.20,0.20,0.20,0.25,0.15,0.15,0.15,0.15,0.20,0.18
5008,Div Payout,40.4,50.6,60.6,55.5,76.9,58.6,60.6,—,39.0,48.2,27.7
5008,Shares,68,68,68,68,68,68,68,68,68,68,68
5008,BVPS,5.02,4.74,4.57,4.54,4.39,4.33,4.22,4.12,4.35,4.21,3.97
5008,OCF,126,104,106,3,-37,37,5,-18,4,-10,14
5008,FCF,122,99,97,-2,-44,33,1,-25,-1,-14,9
5008,NP Margin,1.84,1.63,1.52,1.32,1.39,1.37,0.97,-0.65,1.88,2.08,2.81
5008,ROE,10.18,9.06,8.58,7.11,7.13,6.94,5.03,-3.15,8.85,10.13,13.17
5008,Revenue GR,6.25,2.68,6.80,6.48,3.40,0.15,3.63,3.23,2.50,7.12,7.65
5008,Revenue GR 3Y avg,—,5.30,5.55,3.31,2.38,2.33,3.12,4.27,5.73,8.93,6.62
5008,Revenue GR 5Y avg,—,3.87,4.06,3.36,2.57,3.30,4.81,6.46,5.89,7.60,8.01
5008,Revenue GR 10Y avg,—,4.34,5.26,4.61,5.06,5.63,—,—,—,—,—
5008,NP GR,—,10.95,9.31,14.37,—,-7.86,-19.94,—,-10.86,-2.23,15.45
5008,NP GR 3Y avg,—,15.16,—,-3.69,-5.31,-10.51,-17.06,—,2.46,9.45,22.13
5008,NP GR 5Y avg,—,-2.27,-1.22,-0.66,1.80,4.54,—,—,—,—,—
5008,NP GR 10Y avg,0.0,0.0,0.0,0.0,0.0,0.0,0.0,0.0,0.0,0.0,0.0
5008,EPS GR,83.14,9.85,23.27,0.86,5.07,41.16,—,—,-7.36,-20.79,-3.47
5008,EPS GR 3Y avg,—,10.95,9.31,14.36,—,-7.87,-19.93,—,-10.86,-2.29,13.16
5008,EPS GR 5Y avg,—,15.16,—,-3.69,-5.31,-10.51,-17.06,—,1.23,7.58,19.53
5008,EPS GR 10Y avg,—,-2.27,-1.24,-1.26,0.93,3.42,—,—,—,—,—
5008,OCF GR,—,-1.19,—,—,—,622.03,—,—,—,—,-32.31
5008,FCF GR,—,2.05,—,—,—,—,—,—,—,—,-44.00
5008,D/E,0.18,0.15,0.17,—,—,—,—,—,—,—,—
5008,Price,4.0300,3.9200,3.8200,3.5000,3.9000,3.2000,2.8900,3.1500,3.0100,2.8500,3.4700
5010,Year End,TTM,2020-12,2019-12,2018-12,2017-12,2016-12,2015-12,2014-12,2013-12,2012-12,2011-12
5010,Revenue,550,555,647,798,694,573,599,562,520,484,601
5010,NP,30,31,20,61,57,45,-3,30,18,15,37
5010,EPS,0.20,0.20,0.13,0.39,0.37,0.34,-0.02,0.24,0.14,0.12,0.29
5010,DPS,0.10,0.10,0.12,0.26,0.38,0.20,0.06,0.11,0.04,0.22,0.08
5010,Div Payout,50.9,51.1,149.3,83.6,74.4,62.6,70.2,47.0,27.4,190.3,25.0
5010,Shares,154,154,154,154,155,131,126,126,126,127,127
5010,BVPS,3.19,3.07,3.04,3.00,2.91,2.30,2.92,2.64,2.52,2.41,2.31
5010,OCF,-1,60,91,55,12,85,37,-12,38,87,44
5010,FCF,-7,54,47,38,6,77,25,-16,30,44,9
5010,NP Margin,5.48,5.53,3.06,7.62,8.27,7.89,-0.52,5.37,3.38,3.03,6.08
5010,ROE,6.27,6.46,4.28,13.76,13.30,11.54,-0.90,9.11,5.63,4.68,11.89
5010,Revenue GR,-2.72,-14.18,-19.00,15.03,21.04,-4.28,6.52,8.16,7.35,-19.41,74.59
5010,Revenue GR 3Y avg,—,-7.18,4.09,10.05,7.26,3.31,7.34,-2.19,14.74,31.80,14.42
5010,Revenue GR 5Y avg,—,-1.52,2.83,8.96,7.46,-0.94,11.72,21.60,5.32,-0.13,14.60
5010,Revenue GR 10Y avg,—,4.89,11.82,7.12,3.59,6.55,—,—,—,—,—
5010,NP GR,—,-18.85,-24.11,—,23.87,36.99,—,-6.16,-11.50,20.33,25.90
5010,NP GR 3Y avg,—,—,-8.13,28.18,31.41,4.35,—,29.14,-0.80,-25.77,-7.10
5010,NP GR 5Y avg,—,1.91,8.92,12.76,-1.24,-1.54,—,—,—,—,—
5010,NP GR 10Y avg,0.0,0.0,0.0,0.0,0.0,0.0,0.0,0.0,0.0,0.0,0.0
5010,EPS GR,-4.55,56.05,-67.50,6.14,7.72,—,—,71.62,20.42,-59.76,44.15
5010,EPS GR 3Y avg,—,-18.65,-28.10,—,15.83,35.29,—,-5.96,-11.28,20.54,25.95
5010,EPS GR 5Y avg,—,—,-11.72,23.14,26.29,3.71,—,29.34,-0.65,-25.70,-7.07
5010,EPS GR 10Y avg,—,0.03,6.86,10.61,-3.13,-1.83,—,—,—,—,—
5010,OCF GR,—,-34.21,65.32,348.92,-85.59,126.13,—,—,-56.58,98.71,—
5010,FCF GR,—,14.60,25.24,498.90,-91.82,204.16,—,—,-32.31,415.55,—
5010,D/E,0.03,0.03,0.04,0.01,—,—,—,0.02,0.04,0.05,0.01
5010,Price,2.4800,2.3300,2.2800,3.5500,4.0200,2.0400,2.0200,2.0200,1.7400,1.7700,1.9600
5012,Year End,TTM,2020-12,2019-12,2018-12,2017-12,2016-12,2015-12,2014-12,2013-12,2012-12,2011-12
5012,Revenue,"1,306","1,218",946,967,"1,171","1,148","1,048","1,012",770,790,926
5012,NP,78,47,54,76,119,126,188,124,93,57,161
5012,EPS,0.18,0.11,0.12,0.17,0.23,0.28,0.42,0.28,0.21,0.13,0.42
5012,DPS,0.15,0.15,—,0.10,0.10,0.09,0.17,0.17,0.08,0.07,0.07
5012,Div Payout,103.4,27.4,34.6,31.4,52.2,36.1,49.5,41.7,29.1,53.7,25.7
5012,Shares,441,440,441,444,445,445,445,445,445,445,445
5012,BVPS,3.33,3.42,3.24,3.18,2.98,2.83,2.60,2.42,2.24,2.17,1.83
5012,OCF,334,308,128,152,198,206,238,246,271,97,248
5012,FCF,279,257,33,57,124,138,157,145,144,-20,190
5012,NP Margin,5.97,3.88,5.69,7.83,10.21,10.94,17.96,12.22,12.07,7.27,16.71
5012,ROE,5.37,3.26,3.78,5.54,9.15,10.21,16.79,11.96,9.43,5.92,17.28
5012,Revenue GR,34.85,28.79,-2.23,-17.39,2.01,9.49,3.62,31.39,-2.53,-14.66,11.89
5012,Revenue GR 3Y avg,—,1.32,-6.25,-2.65,4.99,14.24,9.89,3.01,-2.37,5.82,7.74
5012,Revenue GR 5Y avg,—,3.05,-1.34,4.67,8.19,4.40,4.85,8.70,0.79,3.26,7.76
5012,Revenue GR 10Y avg,—,3.94,3.56,2.71,5.69,6.07,7.10,—,—,—,—
5012,NP GR,—,-26.62,-24.60,-26.16,-1.13,10.54,48.52,-8.39,8.74,-7.66,60.71
5012,NP GR 3Y avg,—,-24.16,-15.32,-4.01,15.77,-4.83,21.09,11.12,19.12,-9.65,4.30
5012,NP GR 5Y avg,—,-4.17,-3.00,6.94,2.27,-0.37,8.70,—,—,—,—
5012,NP GR 10Y avg,0.0,0.0,0.0,0.0,0.0,0.0,0.0,0.0,0.0,0.0,0.0
5012,EPS GR,299.14,-12.20,-28.39,-36.55,-4.85,-33.29,52.23,33.48,61.21,-62.84,106.23
5012,EPS GR 3Y avg,—,-26.38,-24.38,-26.15,-1.14,10.67,48.51,-7.18,7.30,-8.24,56.54
5012,EPS GR 5Y avg,—,-24.02,-15.18,-3.93,15.77,-4.08,20.21,10.70,18.10,-9.85,3.47
5012,EPS GR 10Y avg,—,-4.43,-3.10,6.52,2.16,-0.37,8.56,—,—,—,—
5012,OCF GR,—,139.63,-15.41,-23.52,-3.78,-13.22,-3.47,-9.04,180.41,-61.11,84.62
5012,FCF GR,—,671.95,-42.11,-53.54,-10.70,-11.92,8.34,1.08,—,—,85.86
5012,D/E,0.15,0.16,0.20,0.24,0.20,0.20,0.28,0.36,0.28,0.25,0.26
5012,Price,2.8500,3.0300,3.5000,2.7000,3.6600,3.9500,5.0200,3.8800,4.1700,3.5000,4.5000
5014,Year End,TTM,2020-12,2019-12,2018-12,2017-12,2016-12,2015-12,2014-12,2013-12,2012-12,2011-12
5014,Revenue,"1,269","1,866","5,213","4,852","4,652","4,173","3,870","3,344","4,099","3,548","2,755"
5014,NP,"-1,317","-1,116",537,727,236,70,41,748,377,394,401
5014,EPS,-0.83,-0.71,0.28,0.40,0.11,0.01,-0.01,0.46,0.29,0.31,0.35
5014,DPS,0.10,0.10,0.14,0.13,0.11,0.09,0.07,0.07,0.13,0.06,0.19
5014,Div Payout,—,—,48.5,32.1,99.0,—,19.6,126.4,39.9,19.0,65.6
5014,Shares,"1,659","1,659","1,659","1,659","1,659","1,659","1,591","1,423","1,297","1,254","1,163"
5014,BVPS,4.73,5.31,5.61,5.52,5.31,5.20,5.51,3.99,3.69,3.41,2.91
5014,OCF,-289,-67,"2,129","2,029","1,937","1,771",678,574,891,643,500
5014,FCF,-450,-257,"1,639","1,566","1,653","1,334",364,3,"-1,028","-1,024",-579
5014,NP Margin,-108.30,-62.90,9.20,13.81,3.85,0.31,-0.43,22.30,9.21,11.12,14.56
5014,ROE,-16.13,-13.47,5.19,7.38,2.02,0.15,-0.20,12.33,8.35,9.98,11.74
5014,Revenue GR,-63.92,-64.20,7.45,4.29,11.49,7.82,15.75,-18.42,15.52,28.79,51.96
5014,Revenue GR 3Y avg,—,-26.25,7.70,7.83,11.64,0.60,2.94,6.67,31.25,29.41,22.11
5014,Revenue GR 5Y avg,—,-13.57,9.29,3.43,5.57,8.66,16.38,15.35,22.06,20.71,19.16
5014,Revenue GR 10Y avg,—,0.29,12.28,12.36,12.88,13.79,13.27,—,—,—,—
5014,NP GR,—,—,96.87,161.01,-31.88,-42.87,-53.02,23.10,8.62,1.38,9.46
5014,NP GR 3Y avg,—,—,-6.42,14.02,-9.73,-29.39,-32.62,14.60,4.30,6.40,18.61
5014,NP GR 5Y avg,—,—,3.56,9.05,-2.00,-8.49,-13.88,—,—,—,—
5014,NP GR 10Y avg,0.0,0.0,0.0,0.0,0.0,0.0,0.0,0.0,0.0,0.0,0.0
5014,EPS GR,578.95,—,-28.41,273.11,—,—,—,79.20,-7.38,-8.91,36.49
5014,EPS GR 3Y avg,—,—,213.27,—,-40.80,-68.16,—,14.77,4.82,-1.12,9.54
5014,EPS GR 5Y avg,—,—,-11.14,6.76,-19.20,-51.35,—,9.92,2.09,4.81,18.70
5014,EPS GR 10Y avg,—,—,-1.17,4.40,-7.98,-24.01,—,—,—,—,—
5014,OCF GR,—,—,4.94,4.72,9.40,161.24,18.16,-35.64,38.69,28.62,68.33
5014,FCF GR,—,—,4.63,-5.23,23.90,266.30,—,—,—,—,—
5014,D/E,0.58,0.57,0.41,0.54,0.56,0.62,0.62,0.78,0.81,0.75,0.70
5014,Price,6.2500,5.9200,7.6000,8.3800,8.7900,6.0600,5.6100,6.8000,9.0000,5.2100,5.8000
5015,Year End,TTM,2020-12,2019-12,2018-12,2017-12,2016-12,2015-12,2014-12,2013-12,2012-12,2011-12
5015,Revenue,"1,226","1,122","1,495","1,332","1,189","1,237","1,153","1,228","1,259","1,198","1,182"
5015,NP,10,-10,27,38,39,49,60,98,124,114,120
5015,EPS,0.05,-0.05,0.14,0.20,0.20,0.24,0.30,0.50,0.66,0.58,0.60
5015,DPS,0.05,0.05,0.12,0.14,0.14,0.17,0.20,0.20,0.22,0.22,0.22
5015,Div Payout,97.1,—,61.5,77.1,68.6,69.5,54.1,38.6,35.6,37.8,38.1
5015,Shares,195,195,196,196,196,196,196,196,196,196,196
5015,BVPS,6.82,6.35,6.38,6.25,6.14,6.06,5.98,4.85,4.54,4.40,3.91
5015,OCF,80,144,74,93,113,78,169,175,45,142,148
5015,FCF,27,90,33,44,15,-16,63,83,-4,105,148
5015,NP Margin,0.82,-0.93,1.82,2.89,3.29,3.93,5.25,8.01,9.83,9.48,10.14
5015,ROE,0.78,-0.81,2.17,3.12,3.22,4.08,5.20,9.55,13.72,13.27,15.35
5015,Revenue GR,37.25,-24.98,12.24,12.10,-3.89,7.27,-6.11,-2.47,5.05,1.39,0.27
5015,Revenue GR 3Y avg,—,-1.90,6.54,4.94,-1.08,-0.60,-1.29,1.28,2.22,9.27,7.80
5015,Revenue GR 5Y avg,—,-0.54,4.02,1.14,-0.17,0.91,-0.45,5.98,5.94,7.39,5.61
5015,Revenue GR 10Y avg,—,-0.49,4.99,3.51,3.54,3.23,—,—,—,—,—
5015,NP GR,—,—,-17.54,-14.03,-26.49,-26.79,-18.95,-6.37,-0.19,16.07,32.82
5015,NP GR 3Y avg,—,—,-22.66,-20.86,-19.21,-16.53,-13.44,6.26,19.33,16.15,16.65
5015,NP GR 5Y avg,—,—,-9.35,-2.82,-3.13,-1.32,—,—,—,—,—
5015,NP GR 10Y avg,0.0,0.0,0.0,0.0,0.0,0.0,0.0,0.0,0.0,0.0,0.0
5015,EPS GR,-331.55,—,-29.44,-1.50,-19.35,-19.74,-38.57,-20.54,8.95,-5.22,-3.62
5015,EPS GR 3Y avg,—,—,-17.55,-13.93,-26.47,-26.83,-18.98,-6.38,-0.16,16.34,33.44
5015,EPS GR 5Y avg,—,—,-22.68,-20.82,-19.21,-16.56,-13.44,6.39,19.66,16.56,17.30
5015,EPS GR 10Y avg,—,—,-9.30,-2.66,-2.96,-1.06,—,—,—,—,—
5015,OCF GR,—,95.59,-20.66,-17.68,43.94,-53.63,-3.19,285.16,-68.02,-4.38,-12.00
5015,FCF GR,—,175.97,-25.49,189.10,—,—,-24.24,—,—,-28.84,-12.00
5015,D/E,0.01,0.01,0.01,—,—,—,—,—,—,—,—
5015,Price,2.2800,2.5500,2.1600,2.6800,3.5900,3.4600,3.8500,4.8400,5.7900,4.7100,4.4500
5020,Year End,TTM,2020-04,2019-04,2018-04,2017-04,2016-04,2015-04,2014-04,2013-04,2012-04,2011-04
5020,Revenue,309,246,273,406,584,617,473,677,681,652,597
5020,NP,15,13,15,31,108,81,87,108,102,85,63
5020,EPS,0.02,0.02,0.02,0.04,0.14,0.10,0.11,0.14,0.13,0.13,0.09
5020,DPS,0.01,0.01,0.01,0.01,0.05,0.04,0.04,0.06,0.05,0.04,0.04
5020,Div Payout,51.3,19.1,43.2,322.5,21.8,34.8,44.7,39.5,41.9,34.4,—
5020,Shares,770,776,785,793,793,790,797,796,758,679,702
5020,BVPS,1.44,1.43,1.38,1.35,1.37,1.23,1.16,1.10,1.00,0.95,—
5020,OCF,-5,52,-2,-86,79,139,-110,13,-154,64,-128
5020,FCF,-5,52,-2,-87,78,137,-111,12,-155,63,-129
5020,NP Margin,4.83,5.12,5.38,7.71,18.52,13.12,18.39,16.02,15.02,13.05,10.54
5020,ROE,1.35,1.15,1.35,2.88,10.46,8.38,9.53,12.90,14.30,13.77,10.93
5020,Revenue GR,34.27,-10.07,-32.66,-30.50,-5.27,30.29,-30.06,-0.63,4.37,9.19,—
5020,Revenue GR 3Y avg,—,-25.06,-23.75,-4.99,-4.79,-3.25,-10.15,4.24,29.06,23.63,—
5020,Revenue GR 5Y avg,—,-12.28,-16.58,-9.83,-2.19,0.63,8.36,14.40,15.99,17.34,—
5020,Revenue GR 10Y avg,—,-2.50,-2.31,2.27,7.13,8.00,—,—,—,—,—
5020,NP GR,—,-51.17,-43.34,-28.89,-0.06,-7.51,0.72,19.83,35.78,38.61,—
5020,NP GR 3Y avg,—,-32.06,-32.92,-21.09,4.90,5.14,16.32,27.65,23.82,21.48,—
5020,NP GR 5Y avg,—,-11.10,-7.47,-1.15,12.89,7.82,—,—,—,—,—
5020,NP GR 10Y avg,0.0,0.0,0.0,0.0,0.0,0.0,0.0,0.0,0.0,0.0,0.0
5020,EPS GR,-2.56,-13.83,-52.41,-71.05,33.19,-6.16,-19.77,0.88,7.61,39.79,—
5020,EPS GR 3Y avg,—,-50.85,-43.17,-28.75,0.09,-8.76,-4.50,14.91,28.10,34.24,—
5020,EPS GR 5Y avg,—,-31.72,-32.69,-21.78,1.71,2.70,11.21,21.30,19.46,12.22,—
5020,EPS GR 10Y avg,—,-12.86,-9.64,-3.34,6.83,2.33,—,—,—,—,—
5020,OCF GR,—,—,—,—,-42.93,—,—,—,—,—,—
5020,FCF GR,—,—,—,—,-43.08,—,—,—,—,—,—
5020,D/E,0.27,0.22,0.23,0.28,0.22,0.25,0.29,0.35,—,—,—
5020,Price,0.3000,0.3050,0.3800,0.4900,0.7050,0.8150,0.9600,1.1000,0.9400,0.8300,0.9300
5022,Year End,TTM,2020-05,2019-05,2018-05,2017-05,2016-05,2015-05,2014-05,2013-05,2012-05,2011-05
5022,Revenue,366,279,323,276,237,70,53,164,271,261,240
5022,NP,-2,-1,1,1,2,3,2,5,5,2,3
5022,EPS,-0.01,-0.01,—,—,0.01,0.02,0.01,0.03,0.03,0.01,0.02
5022,DPS,0.01,0.01,0.02,0.01,0.02,0.02,0.02,0.02,0.02,0.02,0.02
5022,Div Payout,—,—,106.7,290.9,104.4,92.6,297.6,66.1,1.5,138.1,—
5022,Shares,—,181,181,181,181,181,181,181,181,181,181
5022,BVPS,0.50,0.52,0.54,0.54,0.56,0.56,0.55,0.57,0.56,0.54,—
5022,OCF,6,5,2,—,-5,-2,-1,22,11,8,19
5022,FCF,—,—,1,—,-6,-3,-3,21,11,7,19
5022,NP Margin,-0.50,-0.48,0.23,0.31,0.78,4.94,3.29,2.80,1.81,0.84,1.45
5022,ROE,-1.96,-1.42,0.76,0.86,1.85,3.44,1.73,4.57,4.96,2.22,3.54
5022,Revenue GR,47.36,-13.51,17.15,16.05,239.02,31.65,-67.59,-39.53,3.91,8.72,—
5022,Revenue GR 3Y avg,—,5.55,66.42,73.02,13.10,-36.34,-41.16,-11.93,23.64,-5.76,—
5022,Revenue GR 5Y avg,—,39.32,14.49,0.30,-1.89,-21.85,-18.01,-12.06,-2.31,-0.68,—
5022,Revenue GR 10Y avg,—,6.87,0.34,-1.01,-1.29,-10.96,—,—,—,—,—
5022,NP GR,—,—,-40.10,-21.25,-26.12,-11.01,-7.14,9.57,64.66,-39.18,—
5022,NP GR 3Y avg,—,—,-30.54,-29.50,-3.23,-0.22,9.74,-13.89,—,5.26,—
5022,NP GR 5Y avg,—,—,-22.66,—,0.93,3.00,—,—,—,—,—
5022,NP GR 10Y avg,0.0,0.0,0.0,0.0,0.0,0.0,0.0,0.0,0.0,0.0,0.0
5022,EPS GR,228.57,—,-12.77,-53.92,-46.50,97.24,-61.94,-6.16,124.31,-37.45,—
5022,EPS GR 3Y avg,—,—,-40.09,-21.37,-26.22,-11.02,-7.13,9.61,64.64,-39.17,—
5022,EPS GR 5Y avg,—,—,-30.56,-29.54,-3.31,-0.23,9.77,-13.87,—,5.28,—
5022,EPS GR 10Y avg,—,—,-22.67,—,0.90,2.99,—,—,—,—,—
5022,OCF GR,—,205.65,397.38,—,—,—,—,90.06,42.94,-58.77,—
5022,FCF GR,—,-99.38,—,—,—,—,—,96.20,56.77,-63.51,—
5022,D/E,—,—,—,—,—,—,—,—,—,—,0.03
5022,Price,0.2950,0.2950,0.3500,0.3900,0.5600,0.7000,0.6350,0.6700,0.6050,0.6000,0.7000
5024,Year End,TTM,2020-12,2019-12,2018-12,2017-12,2016-12,2015-12,2014-12,2013-12,2012-12,2011-12
5024,Revenue,327,327,310,307,300,286,287,262,251,248,240
5024,NP,40,40,42,43,44,49,55,38,37,33,19
5024,EPS,0.05,0.05,0.05,0.05,0.06,0.06,0.07,0.05,0.05,0.04,0.02
5024,DPS,0.06,0.06,0.06,0.06,0.06,0.04,0.04,0.02,0.04,0.03,0.02
5024,Div Payout,118.3,124.7,114.7,107.5,70.3,64.8,76.9,17.2,100.4,81.1,82.3
5024,Shares,800,800,800,800,800,800,800,800,800,800,800
5024,BVPS,0.17,0.18,0.19,0.20,0.21,0.21,0.21,0.19,0.18,0.19,0.18
5024,OCF,47,47,51,46,42,49,58,47,41,39,33
5024,FCF,43,43,35,42,38,30,55,38,39,35,27
5024,NP Margin,12.34,12.34,13.42,13.98,14.83,17.30,19.08,14.55,14.62,13.13,7.75
5024,ROE,27.70,27.70,26.79,26.70,25.65,28.33,34.14,24.99,24.20,21.67,12.69
5024,Revenue GR,-0.06,5.75,0.70,2.57,4.91,-0.42,9.40,4.30,1.45,3.16,9.66
5024,Revenue GR 3Y avg,—,2.99,2.71,2.33,4.55,4.35,5.00,2.96,4.70,5.11,2.92
5024,Revenue GR 5Y avg,—,2.67,3.37,4.10,3.87,3.52,5.54,4.21,2.67,5.11,4.99
5024,Revenue GR 10Y avg,—,4.10,3.79,3.39,4.49,4.25,—,—,—,—,—
5024,NP GR,—,-3.15,-5.62,-7.76,5.23,10.37,18.92,26.99,16.33,6.58,5.04
5024,NP GR 3Y avg,—,-5.90,1.71,3.17,6.43,21.54,18.59,7.25,17.99,46.90,22.30
5024,NP GR 5Y avg,—,5.64,4.45,10.33,25.04,21.92,—,—,—,—,—
5024,NP GR 10Y avg,0.0,0.0,0.0,0.0,0.0,0.0,0.0,0.0,0.0,0.0,0.0
5024,EPS GR,15.48,-2.70,-3.35,-3.42,-10.03,-9.65,43.40,3.85,12.91,74.74,-20.21
5024,EPS GR 3Y avg,—,-3.16,-5.65,-7.75,5.24,10.40,18.91,27.01,16.33,34.28,5.02
5024,EPS GR 5Y avg,—,-5.89,1.70,3.18,6.45,21.56,18.58,23.21,17.97,47.01,22.40
5024,EPS GR 10Y avg,—,5.64,11.94,10.33,25.09,21.98,—,—,—,—,—
5024,OCF GR,—,-7.93,11.30,10.14,-14.51,-15.51,23.45,13.25,5.46,19.31,7.45
5024,FCF GR,—,25.47,-17.41,10.71,27.25,-46.00,42.98,-0.67,9.79,29.29,-6.94
5024,D/E,—,—,—,—,—,—,—,—,—,—,—
5024,Price,0.9350,0.9500,0.9000,0.9500,1.0900,1.1700,1.2900,0.8050,6.4200,2.8300,1.7900
5026,Year End,TTM,2020-12,2019-12,2018-12,2017-12,2016-12,2015-12,2014-12,2013-12,2012-12,2011-12
5026,Revenue,378,355,301,343,390,341,301,338,273,28,34
5026,NP,19,14,3,4,18,9,4,14,12,17,32
5026,EPS,0.10,0.07,0.01,0.02,0.08,0.03,0.02,0.06,0.06,0.07,0.16
5026,DPS,0.01,0.01,0.01,0.02,0.01,0.01,0.02,0.02,0.02,0.02,0.09
5026,Div Payout,15.3,31.9,—,35.6,21.4,75.0,53.7,26.8,83.0,19.0,17.1
5026,Shares,197,197,197,197,197,253,253,253,253,253,197
5026,BVPS,1.31,1.25,1.26,1.27,2.18,2.11,2.10,2.07,2.14,1.47,1.25
5026,OCF,61,53,37,31,48,33,25,14,33,12,17
5026,FCF,46,36,14,12,34,21,1,-12,-11,-20,1
5026,NP Margin,5.10,3.85,0.83,1.30,4.49,2.67,1.31,4.23,4.58,58.97,93.81
5026,ROE,7.61,5.49,1.01,1.31,4.13,2.20,0.96,3.52,3.62,5.88,12.13
5026,Revenue GR,39.13,17.71,-12.25,-12.00,14.42,13.29,-11.00,24.12,870.35,-16.66,23.29
5026,Revenue GR 3Y avg,—,-3.13,-4.04,4.49,4.88,7.76,120.49,115.71,115.23,6.44,5.75
5026,Revenue GR 5Y avg,—,3.33,-2.29,4.73,69.27,58.87,61.58,70.77,57.08,2.01,10.18
5026,Revenue GR 10Y avg,—,29.22,29.18,28.26,31.41,32.30,—,—,—,—,—
5026,NP GR,—,-7.96,-34.93,4.05,7.00,-10.00,-37.95,-23.21,-20.26,-6.94,12.41
5026,NP GR 3Y avg,—,28.14,-29.41,-18.62,1.15,-22.04,-30.63,-6.97,-10.92,-12.66,40.40
5026,NP GR 5Y avg,—,-5.72,-18.97,-14.85,-6.01,4.62,—,—,—,—,—
5026,NP GR 10Y avg,0.0,0.0,0.0,0.0,0.0,0.0,0.0,0.0,0.0,0.0,0.0
5026,EPS GR,446.88,443.75,-43.61,-74.55,147.78,129.30,-72.31,14.78,-41.40,-47.59,113.99
5026,EPS GR 3Y avg,—,-7.94,-29.16,13.08,16.30,-10.01,-42.89,-29.36,-13.06,-6.93,12.40
5026,EPS GR 5Y avg,—,34.69,-25.75,-14.40,1.14,-25.87,-26.89,-11.52,-15.29,-12.65,40.40
5026,EPS GR 10Y avg,—,-0.77,-18.95,-14.85,-6.01,2.02,—,—,—,—,—
5026,OCF GR,—,42.05,19.67,-35.21,47.65,33.28,75.65,-58.18,186.16,-30.14,96.94
5026,FCF GR,—,165.95,12.24,-64.97,60.26,—,—,—,—,—,-67.33
5026,D/E,0.16,0.20,0.24,0.26,0.15,0.21,0.24,0.22,0.26,0.12,0.05
5026,Price,0.7400,0.7950,0.7450,0.6600,0.8900,0.9150,0.9000,0.9500,1.0600,1.0800,0.9200
5027,Year End,TTM,2021-01,2020-01,2019-01,2018-01,2017-01,2016-01,2015-01,2014-01,2013-01,2012-01
5027,Revenue,972,972,680,873,"1,075",893,758,775,640,637,768
5027,NP,95,95,41,52,99,71,74,75,61,54,97
5027,EPS,0.10,0.10,0.04,0.06,0.10,0.08,0.08,0.08,0.07,0.06,0.10
5027,DPS,0.04,0.04,0.06,0.06,0.06,0.04,0.04,0.05,0.04,0.05,0.04
5027,Div Payout,39.4,42.8,133.9,80.5,54.9,60.5,53.8,56.9,68.9,41.3,41.3
5027,Shares,935,935,934,934,934,934,933,930,926,925,921
5027,BVPS,0.80,0.82,0.77,0.78,0.66,0.63,0.60,0.60,0.56,0.54,0.55
5027,OCF,—,—,—,—,—,—,—,—,—,—,—
5027,FCF,103,103,38,63,107,111,53,98,78,55,148
5027,NP Margin,9.77,9.77,6.04,5.97,9.18,7.97,9.74,9.71,9.53,8.47,12.57
5027,ROE,12.92,12.92,5.65,7.69,16.27,12.12,12.76,13.46,11.51,10.52,20.28
5027,Revenue GR,40.16,42.97,-22.14,-18.82,20.47,17.80,-2.22,21.01,0.50,-17.06,36.37
5027,Revenue GR 3Y avg,—,-3.32,-8.69,4.83,11.54,11.70,5.94,0.29,4.36,12.17,14.86
5027,Revenue GR 5Y avg,—,5.10,-2.59,6.39,11.03,3.04,6.11,11.41,4.78,6.28,23.91
5027,Revenue GR 10Y avg,—,5.60,4.17,5.58,8.63,13.00,13.23,—,—,—,—
5027,NP GR,—,-1.32,-16.73,-10.94,9.47,5.21,11.00,-7.97,1.58,3.87,13.89
5027,NP GR 3Y avg,—,5.16,-11.42,-3.12,12.85,-5.94,4.84,9.36,-1.36,-1.61,33.88
5027,NP GR 5Y avg,—,5.00,-1.58,-2.24,5.37,12.22,20.55,—,—,—,—
5027,NP GR 10Y avg,0.0,0.0,0.0,0.0,0.0,0.0,0.0,0.0,0.0,0.0,0.0
5027,EPS GR,324.00,130.68,-21.15,-47.24,38.86,-3.63,-2.43,22.85,16.35,-45.96,65.46
5027,EPS GR 3Y avg,—,-1.36,-16.72,-10.96,9.30,4.93,11.73,-8.25,1.33,2.51,13.45
5027,EPS GR 5Y avg,—,5.13,-11.49,-3.28,13.29,-6.20,4.51,9.02,-1.69,2.27,43.23
5027,EPS GR 10Y avg,—,4.82,-1.77,-2.49,7.64,15.91,23.59,—,—,—,—
5027,OCF GR,—,53.10,11.47,-30.22,-2.87,54.02,-37.48,26.25,26.79,-40.57,53.62
5027,FCF GR,—,173.73,-40.28,-41.17,-3.92,111.06,-46.17,24.74,41.45,-62.51,53.65
5027,D/E,0.05,0.05,—,0.01,0.02,0.03,0.04,0.06,0.06,0.05,0.05
5027,Price,1.3600,1.3600,1.2600,1.2500,4.1800,3.4300,3.0400,2.7600,2.5800,2.2100,2.5000
5029,Year End,TTM,2020-12,2019-12,2018-12,2017-12,2016-12,2015-12,2014-12,2013-12,2012-12,2011-12
5029,Revenue,707,669,381,379,483,357,328,428,440,452,479
5029,NP,131,98,80,60,126,121,71,93,74,84,120
5029,EPS,0.22,0.17,0.13,0.16,0.19,0.20,0.12,0.16,0.12,0.14,0.21
5029,DPS,0.04,0.04,0.03,0.05,0.07,0.06,0.07,0.06,0.07,0.05,0.08
5029,Div Payout,15.9,14.2,27.3,49.3,29.6,32.9,66.0,34.6,66.3,37.6,41.3
5029,Shares,594,594,594,311,594,594,594,594,594,592,579
5029,BVPS,1.97,1.89,1.87,1.46,2.36,2.19,1.90,1.86,1.75,1.71,1.50
5029,OCF,163,107,38,72,62,79,87,96,89,75,56
5029,FCF,95,44,23,-56,47,72,77,82,75,62,42
5029,NP Margin,18.47,14.65,20.99,15.92,26.03,33.85,21.75,21.74,16.78,18.61,24.97
5029,ROE,11.66,8.84,7.41,5.34,10.05,9.42,6.08,8.64,7.16,8.52,13.00
5029,Revenue GR,45.82,75.54,0.54,-21.47,35.16,8.98,-23.49,-2.60,-2.78,-5.61,9.92
5029,Revenue GR 3Y avg,—,11.49,2.19,4.97,4.07,-6.70,-10.19,-3.67,0.29,8.72,-3.09
5029,Revenue GR 5Y avg,—,15.34,-2.31,-2.93,1.31,-5.71,-5.55,4.01,-3.54,3.99,23.06
5029,Revenue GR 10Y avg,—,4.37,0.80,-3.23,2.64,7.72,—,—,—,—,—
5029,NP GR,—,-7.95,-12.85,-5.40,10.50,17.88,-5.39,-8.02,-3.62,7.36,-3.36
5029,NP GR 3Y avg,—,6.57,-2.99,-3.94,8.34,0.20,-2.87,6.49,-11.06,1.64,25.20
5029,NP GR 5Y avg,—,1.74,1.64,-7.57,4.94,12.00,—,—,—,—,—
5029,NP GR 10Y avg,0.0,0.0,0.0,0.0,0.0,0.0,0.0,0.0,0.0,0.0,0.0
5029,EPS GR,-575.79,22.49,-2.74,-34.54,3.93,69.61,-23.47,26.21,-12.56,-31.30,43.72
5029,EPS GR 3Y avg,—,-7.95,-12.86,4.89,10.49,17.89,-5.48,-8.82,-4.78,6.07,-3.91
5029,EPS GR 5Y avg,—,6.57,-3.00,2.19,8.28,-0.32,-3.57,5.66,-11.82,0.76,24.54
5029,EPS GR 10Y avg,—,1.38,1.24,-5.07,4.46,11.42,—,—,—,—,—
5029,OCF GR,—,183.97,-47.45,14.67,-20.71,-9.82,-9.39,7.92,18.41,33.97,-20.10
5029,FCF GR,—,89.56,—,—,-34.32,-6.92,-6.42,10.16,20.69,47.58,-22.02
5029,D/E,0.12,0.13,0.02,—,—,—,—,—,—,—,—
5029,Price,2.8500,2.8200,2.7900,2.8000,8.8800,8.2000,7.5900,8.0000,7.4000,7.1800,7.2000
5031,Year End,TTM,2020-12,2019-12,2018-12,2017-12,2016-12,2015-12,2014-12,2013-12,2012-12,2011-12
5031,Revenue,"1,261","1,223","1,114",983,861,767,682,596,548,419,314
5031,NP,321,328,314,289,175,407,467,174,641,194,117
5031,EPS,0.53,0.55,0.53,0.49,0.30,0.70,0.81,0.30,1.12,0.35,0.23
5031,DPS,0.13,0.10,0.09,0.05,0.07,0.07,0.06,—,—,—,—
5031,Div Payout,23.4,19.2,17.0,11.7,16.6,11.8,6.6,—,—,—,—
5031,Shares,603,599,591,588,586,581,576,573,573,547,506
5031,BVPS,4.87,4.87,4.58,4.17,3.79,3.53,3.55,3.93,3.14,4.33,2.47
5031,OCF,—,—,—,—,—,—,—,—,—,—,—
5031,FCF,381,359,292,160,205,92,5,69,-34,-8,-32
5031,NP Margin,25.50,26.82,28.19,29.35,20.37,53.11,68.42,29.17,116.98,46.23,37.39
5031,ROE,11.38,11.29,11.88,12.06,7.88,19.10,21.03,7.98,28.61,9.14,7.80
5031,Revenue GR,12.72,9.81,13.26,14.26,12.22,12.39,14.44,8.76,30.82,33.52,-2.25
5031,Revenue GR 3Y avg,—,12.43,13.25,12.96,13.01,11.84,17.64,23.85,19.52,13.48,3.09
5031,Revenue GR 5Y avg,—,12.38,13.31,12.40,15.48,19.56,16.27,15.76,13.86,6.84,-1.32
5031,Revenue GR 10Y avg,—,14.31,14.53,13.12,11.08,8.62,4.02,—,—,—,—
5031,NP GR,—,23.22,-8.30,-14.81,0.27,-14.04,34.07,14.01,81.61,80.24,—
5031,NP GR 3Y avg,—,-6.81,12.54,-14.76,-1.97,28.26,34.25,39.36,—,—,—
5031,NP GR 5Y avg,—,11.85,25.24,—,—,—,—,—,—,—,—
5031,NP GR 10Y avg,0.0,0.0,0.0,0.0,0.0,0.0,0.0,0.0,0.0,0.0,0.0
5031,EPS GR,-8.72,2.99,8.16,64.15,-57.33,-13.52,167.34,-72.89,216.22,52.54,9.69
5031,EPS GR 3Y avg,—,22.28,-8.84,-15.39,-0.45,-14.42,31.85,9.36,74.26,75.47,—
5031,EPS GR 5Y avg,—,-7.57,11.86,-15.18,-3.30,24.77,30.84,35.88,—,—,—
5031,EPS GR 10Y avg,—,9.97,23.29,—,—,—,—,—,—,—,—
5031,OCF GR,—,5.08,49.58,-3.67,-8.23,36.52,16.19,102.25,1.32,67.21,75.56
5031,FCF GR,—,22.87,82.97,-22.00,121.10,—,-92.69,—,—,—,—
5031,D/E,0.08,0.05,0.05,0.04,0.06,0.08,0.05,0.04,0.07,0.06,—
5031,Price,14.3000,13.2600,9.2200,8.1000,9.1000,7.8000,7.6000,4.8800,3.5500,3.9500,3.6200
5032,Year End,TTM,2020-12,2019-12,2018-12,2017-12,2016-12,2015-12,2014-12,2013-12,2012-12,2011-12
5032,Revenue,701,694,703,705,817,"1,165",936,851,874,515,490
5032,NP,87,93,129,142,154,150,128,143,158,146,171
5032,EPS,0.19,0.20,0.28,0.32,0.34,0.33,0.28,0.31,0.36,0.36,0.43
5032,DPS,0.10,0.10,0.18,0.14,0.21,0.24,0.22,0.26,0.30,0.30,0.30
5032,Div Payout,52.9,41.1,43.6,75.0,66.5,74.2,82.5,77.3,92.3,81.9,79.8
5032,Shares,460,460,460,460,460,460,460,460,435,400,400
5032,BVPS,3.03,2.98,2.79,2.61,2.59,2.48,2.40,2.38,2.30,1.64,2.11
5032,OCF,347,326,375,245,165,193,177,182,65,239,132
5032,FCF,330,307,319,196,113,-336,-158,-167,-61,81,109
5032,NP Margin,12.41,13.44,18.38,20.13,18.87,12.86,13.63,16.83,18.04,28.43,34.83
5032,ROE,6.33,6.89,9.93,11.42,13.01,13.18,11.48,13.12,18.18,22.23,22.68
5032,Revenue GR,3.46,-1.28,-0.30,-13.67,-29.85,24.49,9.91,-2.60,69.75,5.07,7.73
5032,Revenue GR 3Y avg,—,-5.29,-15.48,-8.99,-1.36,10.05,22.03,20.21,24.32,5.46,2.98
5032,Revenue GR 5Y avg,—,-5.79,-3.75,-4.20,9.68,18.90,15.52,14.16,14.26,4.31,4.62
5032,Revenue GR 10Y avg,—,4.32,4.83,4.63,6.96,11.53,9.24,—,—,—,—
5032,NP GR,—,-15.42,-4.80,3.65,2.47,-1.69,-4.48,-5.67,1.61,4.37,4.26
5032,NP GR 3Y avg,—,-6.06,-2.03,-2.07,1.04,-2.57,-3.23,2.16,0.92,1.54,6.59
5032,NP GR 5Y avg,—,-4.66,0.04,-0.58,1.29,1.90,1.40,—,—,—,—
5032,NP GR 10Y avg,0.0,0.0,0.0,0.0,0.0,0.0,0.0,0.0,0.0,0.0,0.0
5032,EPS GR,-20.44,-27.85,-8.97,-7.88,2.92,17.45,-10.98,-14.02,-1.01,-14.25,13.57
5032,EPS GR 3Y avg,—,-15.42,-4.79,3.65,2.47,-3.49,-8.84,-9.97,-1.21,4.37,4.27
5032,EPS GR 5Y avg,—,-6.07,-2.03,-3.15,-1.74,-5.26,-5.90,-0.65,-0.77,1.54,6.59
5032,EPS GR 10Y avg,—,-5.98,-1.35,-1.96,-0.12,0.49,-0.01,—,—,—,—
5032,OCF GR,—,-12.92,53.11,48.12,-14.14,8.79,-2.77,178.82,-72.74,81.15,-16.35
5032,FCF GR,—,-3.86,63.01,73.24,—,—,—,—,—,-25.84,22.99
5032,D/E,0.90,0.92,1.05,1.13,1.31,1.37,1.30,0.80,0.92,1.52,—
5032,Price,4.1800,3.8300,4.4500,4.5000,5.9500,6.2800,7.1800,7.0000,7.5000,7.0000,6.8000
5036,Year End,TTM,2020-06,2019-06,2018-06,2017-06,2016-06,2015-06,2014-06,2013-06,2012-06,2011-06
5036,Revenue,48,45,54,150,85,39,46,38,44,50,43
5036,NP,5,-3,-5,7,-2,-4,—,-4,-1,-7,-8
5036,EPS,0.09,-0.06,-0.09,0.12,-0.04,-0.08,—,-0.07,-0.01,-0.12,-0.13
5036,DPS,0.02,—,—,—,—,—,—,—,—,—,0.01
5036,Div Payout,19.2,—,—,—,—,—,—,—,—,—,—
5036,Shares,58,58,58,58,58,58,58,58,58,58,60
5036,BVPS,0.44,0.36,0.50,0.51,0.56,0.53,0.57,0.58,0.66,0.67,—
5036,OCF,8,9,-31,17,20,-5,2,-6,-12,1,-4
5036,FCF,3,4,-31,16,19,-5,2,-7,-13,—,-4
5036,NP Margin,10.91,-7.52,-9.26,4.79,-2.72,-11.59,0.39,-11.36,-1.42,-13.45,-17.59
5036,ROE,22.89,-13.85,-17.37,23.39,-7.78,-14.47,0.55,-12.17,-1.64,-17.17,-17.25
5036,Revenue GR,-10.82,-16.11,-64.01,77.35,118.31,-15.94,22.79,-13.98,-12.53,15.14,—
5036,Revenue GR 3Y avg,—,-18.79,11.69,48.19,31.10,-3.89,-2.60,-4.67,-8.51,-13.35,—
5036,Revenue GR 5Y avg,—,-0.35,7.54,28.01,11.14,-2.21,-4.15,-13.31,-5.95,-3.45,—
5036,Revenue GR 10Y avg,—,-2.27,-3.45,9.72,3.59,3.55,—,—,—,—,—
5036,NP GR,—,—,—,242.09,—,—,—,—,—,—,—
5036,NP GR 3Y avg,—,—,—,—,—,—,-15.39,—,—,—,—
5036,NP GR 5Y avg,—,—,—,14.09,—,—,—,—,—,—,—
5036,NP GR 10Y avg,0.0,0.0,0.0,0.0,0.0,0.0,0.0,0.0,0.0,0.0,0.0
5036,EPS GR,-122.61,—,—,—,—,—,—,—,—,—,—
5036,EPS GR 3Y avg,—,—,—,242.36,—,—,—,—,—,—,—
5036,EPS GR 5Y avg,—,—,—,—,—,—,-14.79,—,—,—,—
5036,EPS GR 10Y avg,—,—,—,14.51,—,—,—,—,—,—,—
5036,OCF GR,—,—,—,-12.12,—,—,—,—,—,—,—
5036,FCF GR,—,—,—,-15.17,—,—,—,—,—,—,—
5036,D/E,0.28,0.23,0.22,0.23,0.15,0.17,0.10,0.02,0.02,0.02,0.03
5036,Price,0.4550,0.3200,0.4400,0.3500,0.2700,0.2700,0.3200,0.3300,0.3200,0.4300,0.3600
5041,Year End,TTM,2020-12,2019-12,2018-12,2017-12,2016-12,2015-12,2014-12,2013-12,2012-12,2011-12
5041,Revenue,341,335,339,334,312,326,300,261,251,244,236
5041,NP,31,25,25,-103,37,62,38,25,28,29,46
5041,EPS,0.09,0.07,0.07,-0.31,0.11,0.19,0.11,0.07,0.08,0.09,0.14
5041,DPS,0.03,0.03,0.04,0.04,0.04,0.04,0.04,0.04,0.04,0.04,0.03
5041,Div Payout,32.0,101.4,—,34.0,23.3,23.1,42.6,44.3,38.9,40.0,44.2
5041,Shares,331,331,331,331,331,331,331,331,331,331,331
5041,BVPS,2.13,2.12,2.10,2.55,2.52,2.39,2.27,2.21,2.17,2.11,1.96
5041,OCF,121,113,138,81,109,111,98,64,67,62,88
5041,FCF,30,15,40,28,27,19,-13,-13,-19,-17,18
5041,NP Margin,9.11,7.38,7.42,-30.97,11.97,18.93,12.66,9.49,11.11,11.86,19.34
5041,ROE,4.48,3.61,3.66,-13.61,4.59,7.95,5.13,3.43,3.95,4.20,6.88
5041,Revenue GR,6.69,-1.12,1.55,7.18,-4.53,8.76,15.06,3.69,2.94,3.38,19.03
5041,Revenue GR 3Y avg,—,2.48,1.29,3.63,6.11,9.07,7.09,3.33,8.20,9.77,7.95
5041,Revenue GR 5Y avg,—,2.25,5.40,5.84,4.98,6.67,8.61,7.14,6.01,6.12,6.55
5041,Revenue GR 10Y avg,—,5.38,6.26,5.92,5.55,6.61,—,—,—,—,—
5041,NP GR,—,-12.75,-25.88,—,14.62,30.28,9.46,-18.48,2.12,25.05,13.45
5041,NP GR 3Y avg,—,-8.21,0.32,—,5.17,6.21,7.70,10.81,-2.25,-7.43,6.80
5041,NP GR 5Y avg,—,-0.58,5.43,—,-1.33,6.50,—,—,—,—,—
5041,NP GR 10Y avg,0.0,0.0,0.0,0.0,0.0,0.0,0.0,0.0,0.0,0.0,0.0
5041,EPS GR,162.39,-1.58,—,—,-39.66,62.54,53.48,-11.37,-3.54,-36.57,74.22
5041,EPS GR 3Y avg,—,-12.75,-25.87,—,14.61,30.27,9.47,-18.46,2.15,25.06,14.75
5041,EPS GR 5Y avg,—,-8.21,0.32,—,5.17,6.23,7.71,10.83,-1.56,-6.94,7.39
5041,EPS GR 10Y avg,—,-0.57,5.44,—,-1.07,6.81,—,—,—,—,—
5041,OCF GR,—,-18.52,71.47,-26.34,-1.69,14.11,52.28,-3.82,8.14,-30.32,-1.48
5041,FCF GR,—,-61.68,44.91,0.29,46.57,—,—,—,—,—,6.42
5041,D/E,0.35,0.36,0.42,0.11,0.07,0.05,0.03,0.02,0.01,0.01,—
5041,Price,0.8600,0.8650,1.1200,1.0600,1.2000,1.1500,1.3000,1.2900,0.9900,0.9100,0.9400
5049,Year End,TTM,2020-11,2019-11,2018-11,2017-11,2016-11,2015-11,2014-11,2013-11,2012-11,2011-11
5049,Revenue,83,90,163,236,122,161,111,185,273,191,96
5049,NP,12,13,25,71,28,26,21,70,78,38,8
5049,EPS,0.12,0.13,0.25,0.77,0.28,0.26,0.21,0.70,0.78,0.38,0.08
5049,DPS,0.08,0.08,0.03,0.05,0.05,0.10,0.13,0.28,0.20,—,—
5049,Div Payout,64.2,46.0,6.8,—,39.0,30.3,97.1,24.2,20.2,—,—
5049,Shares,100,100,100,100,100,100,100,100,100,100,100
5049,BVPS,4.13,4.13,4.03,3.43,3.15,2.98,2.82,2.81,2.17,1.72,1.34
5049,OCF,21,18,61,152,-9,8,-14,78,58,13,-7
5049,FCF,1,-8,33,37,-9,8,-16,77,57,12,-7
5049,NP Margin,15.09,14.69,15.28,29.87,23.34,16.09,19.10,38.06,28.50,19.89,8.00
5049,ROE,3.03,3.24,6.24,19.73,9.10,8.84,7.52,27.52,38.26,24.87,5.92
5049,Revenue GR,-29.17,-44.56,-31.06,93.57,-24.29,45.44,-40.14,-32.21,42.77,98.53,314.04
5049,Revenue GR 3Y avg,—,-9.56,0.34,28.69,-12.97,-16.12,-16.64,24.32,127.25,54.84,57.34
5049,Revenue GR 5Y avg,—,-4.02,-2.53,-2.86,-8.60,10.84,36.63,29.15,61.66,25.18,38.72
5049,Revenue GR 10Y avg,—,14.52,12.19,25.31,6.97,24.00,—,—,—,—,—
5049,NP GR,—,-22.50,-1.36,49.37,-26.06,-30.68,-17.75,109.06,—,—,—
5049,NP GR 3Y avg,—,-8.94,-18.79,-1.95,-5.62,27.44,—,—,—,47.85,—
5049,NP GR 5Y avg,—,—,—,—,18.13,—,—,—,—,—,—
5049,NP GR 10Y avg,0.0,0.0,0.0,0.0,0.0,0.0,0.0,0.0,0.0,0.0,0.0
5049,EPS GR,-24.61,-46.72,-64.73,147.66,9.84,22.50,-69.96,-9.46,104.60,393.25,—
5049,EPS GR 3Y avg,—,-22.50,-1.37,49.36,-26.06,-30.67,-17.74,109.06,—,—,—
5049,EPS GR 5Y avg,—,-8.94,-18.79,-1.95,-5.62,27.45,—,—,—,47.85,—
5049,EPS GR 10Y avg,—,—,—,—,18.13,—,—,—,—,—,—
5049,OCF GR,—,-71.51,-59.56,—,—,—,—,35.03,359.11,—,—
5049,FCF GR,—,—,-10.04,—,—,—,—,36.13,356.47,—,—
5049,D/E,0.44,0.46,0.38,0.59,0.16,0.10,0.05,0.01,0.05,0.40,0.60
5049,Price,1.0600,1.0500,1.2500,1.3300,1.5500,1.4900,1.6100,2.8000,2.6000,1.0500,0.6100
5053,Year End,TTM,2020-12,2019-12,2018-12,2017-12,2016-12,2015-12,2014-12,2013-12,2012-12,2011-12
5053,Revenue,"1,155","1,086","1,208","1,204","1,169","1,306",761,59,61,907,110
5053,NP,379,339,412,346,400,247,562,204,196,957,72
5053,EPS,0.18,0.16,0.20,0.17,0.19,0.11,0.33,0.14,0.13,0.66,0.04
5053,DPS,0.04,0.04,0.05,0.06,0.05,0.03,0.05,0.05,0.03,0.06,0.05
5053,Div Payout,21.8,22.3,23.9,44.5,33.2,30.8,9.8,34.4,65.5,621.8,58.8
5053,Shares,"2,067","2,069","2,077","2,077","2,077","2,077","1,691","1,439","1,453","1,435","1,447"
5053,BVPS,2.58,2.54,2.37,2.18,2.19,2.04,1.93,1.86,1.76,1.68,0.98
5053,OCF,155,239,175,10,15,152,-18,29,-59,-98,919
5053,FCF,138,222,147,-18,-12,130,-41,27,-63,-134,877
5053,NP Margin,32.79,31.26,34.12,28.74,34.23,18.94,73.82,343.48,319.31,105.54,46.85
5053,ROE,7.33,6.60,8.60,7.58,9.06,5.89,16.51,7.70,7.76,49.17,3.55
5053,Revenue GR,27.07,-10.10,0.29,2.98,-10.45,71.64,1179.20,-2.94,-93.25,726.63,-87.43
5053,Revenue GR 3Y avg,—,-2.45,-2.57,16.54,169.91,177.25,-5.70,-18.47,-58.75,9.21,-47.06
5053,Revenue GR 5Y avg,—,7.37,82.61,81.42,5.21,64.10,-2.71,-38.87,-39.24,2.85,-22.26
5053,Revenue GR 10Y avg,—,2.21,5.66,4.99,4.02,12.95,12.25,—,—,—,—
5053,NP GR,—,-5.35,18.55,-14.90,25.13,8.12,-16.29,41.71,8.95,91.13,-19.66
5053,NP GR 3Y avg,—,-9.58,15.07,12.08,-16.01,28.07,30.00,8.30,7.17,26.11,-11.35
5053,NP GR 5Y avg,—,8.42,11.63,9.60,2.92,6.55,24.84,—,—,—,—
5053,NP GR 10Y avg,0.0,0.0,0.0,0.0,0.0,0.0,0.0,0.0,0.0,0.0,0.0
5053,EPS GR,52.29,-17.34,19.09,-13.54,61.84,-64.14,133.96,5.40,-79.54,—,-57.14
5053,EPS GR 3Y avg,—,-5.23,18.55,-20.54,10.73,-4.02,-20.39,58.70,17.57,95.62,-30.95
5053,EPS GR 5Y avg,—,-13.16,6.93,4.35,-21.78,27.37,32.00,10.05,4.54,27.15,-15.99
5053,EPS GR 10Y avg,—,7.07,8.48,4.44,-0.28,3.44,23.70,—,—,—,—
5053,OCF GR,—,36.93,—,-28.73,-90.36,—,—,—,—,—,—
5053,FCF GR,—,51.14,—,—,—,—,—,—,—,—,—
5053,D/E,0.30,0.29,0.28,0.32,0.30,0.37,0.39,—,—,—,—
5053,Price,0.9900,0.9000,1.0400,0.8700,1.0700,1.4000,1.6300,2.0300,1.6500,1.4400,1.7400
5054,Year End,TTM,2020-12,2019-12,2018-12,2017-12,2016-12,2015-12,2014-12,2013-12,2012-12,2011-12
5054,Revenue,818,754,849,756,728,754,768,815,821,566,401
5054,NP,33,27,18,21,30,28,30,4,10,9,13
5054,EPS,0.07,0.06,0.04,0.04,0.06,0.06,0.06,0.01,0.02,0.01,0.03
5054,DPS,0.01,0.01,0.01,0.03,0.01,0.01,—,0.01,—,0.02,0.02
5054,Div Payout,15.6,28.3,43.3,68.3,27.1,10.5,6.0,113.6,11.0,105.3,49.8
5054,Shares,471,473,480,480,480,480,480,479,483,485,492
5054,BVPS,0.93,0.90,0.88,0.84,0.83,0.78,0.72,0.69,0.69,0.66,1.28
5054,OCF,-1,-23,138,-17,40,65,5,75,-39,-91,-54
5054,FCF,-3,-26,98,-111,33,62,2,64,-67,-112,-62
5054,NP Margin,4.07,3.62,2.13,2.77,4.15,3.70,3.95,0.43,1.16,1.63,3.24
5054,ROE,7.82,6.43,4.40,5.16,7.73,7.57,8.89,1.08,2.99,2.96,4.27
5054,Revenue GR,46.33,-11.19,12.31,3.79,-3.40,-1.84,-5.76,-0.71,44.98,41.26,6.38
5054,Revenue GR 3Y avg,—,1.16,4.03,-0.53,-3.68,-2.79,10.70,26.69,29.64,1.98,-18.51
5054,Revenue GR 5Y avg,—,-0.37,0.82,-1.64,5.16,13.47,15.31,8.83,2.07,6.04,12.17
5054,Revenue GR 10Y avg,—,7.18,4.75,0.20,5.60,12.82,—,—,—,—,—
5054,NP GR,—,-3.36,-13.39,-11.69,104.75,42.96,48.70,-35.28,-16.18,-30.33,-34.23
5054,NP GR 3Y avg,—,-2.13,38.76,16.99,26.76,16.51,13.39,-33.61,-26.88,-21.03,4.29
5054,NP GR 5Y avg,—,5.35,-4.02,-7.51,0.05,10.23,—,—,—,—,—
5054,NP GR 10Y avg,0.0,0.0,0.0,0.0,0.0,0.0,0.0,0.0,0.0,0.0,0.0
5054,EPS GR,—,52.79,-13.33,-30.84,8.45,-8.23,765.75,-62.94,3.68,-28.03,-21.10
5054,EPS GR 3Y avg,—,-2.89,-13.38,-11.71,105.01,43.32,49.28,-34.85,-16.19,-30.44,-36.56
5054,EPS GR 5Y avg,—,-1.84,38.87,17.17,27.05,17.05,13.56,-33.58,-28.22,-25.45,-8.69
5054,EPS GR 10Y avg,—,5.58,-3.96,-8.29,-2.68,3.38,—,—,—,—,—
5054,OCF GR,—,—,—,—,-38.11,—,-93.50,—,—,—,—
5054,FCF GR,—,—,—,—,-46.25,—,-97.07,—,—,—,—
5054,D/E,0.23,0.23,0.24,0.02,0.02,0.01,0.04,0.06,0.12,—,—
5054,Price,0.3650,0.3700,0.4400,0.5400,0.6300,0.3800,0.3700,0.3800,0.5300,0.5700,0.6300
5056,Year End,TTM,2020-12,2019-12,2018-12,2017-12,2016-12,2015-12,2014-12,2013-12,2012-12,2011-12
5056,Revenue,"1,070",989,"1,117","1,208","1,108","1,074","1,161","1,178","1,090",920,794
5056,NP,34,15,-1,13,54,59,40,44,51,29,35
5056,EPS,0.08,0.04,—,0.03,0.15,0.17,0.12,0.14,0.16,0.10,0.12
5056,DPS,0.01,0.01,0.01,0.01,0.02,0.01,0.01,0.01,0.01,0.01,0.01
5056,Div Payout,8.0,201.6,—,22.0,6.6,5.7,7.2,7.9,7.5,12.9,5.5
5056,Shares,437,438,439,440,362,349,348,319,309,282,285
5056,BVPS,1.63,1.56,1.56,1.57,1.40,1.64,1.52,1.40,1.24,1.05,0.87
5056,OCF,80,19,110,-3,-2,45,92,-5,6,41,-42
5056,FCF,56,6,85,-26,-46,—,18,-71,-47,-2,-74
5056,NP Margin,3.15,1.56,-0.08,1.09,4.86,5.51,3.48,3.70,4.70,3.17,4.39
5056,ROE,4.84,2.25,-0.13,1.94,8.95,11.97,9.14,11.17,15.24,9.74,12.82
5056,Revenue GR,33.30,-11.48,-7.52,9.04,3.12,-7.45,-1.48,8.07,18.46,15.99,16.69
5056,Revenue GR 3Y avg,—,-3.72,1.31,1.34,-2.03,-0.49,8.04,14.08,17.04,15.35,1.82
5056,Revenue GR 5Y avg,—,-3.16,-1.06,2.07,3.78,6.24,11.29,14.46,7.72,10.20,11.91
5056,Revenue GR 10Y avg,—,3.81,6.42,4.86,6.94,9.04,—,—,—,—,—
5056,NP GR,—,-34.09,—,-31.13,7.28,4.94,11.43,7.80,14.44,8.61,4.60
5056,NP GR 3Y avg,—,-17.50,—,-23.77,13.05,11.19,3.38,13.89,10.97,9.69,33.48
5056,NP GR 5Y avg,—,-7.65,—,-8.02,11.36,21.83,—,—,—,—,—
5056,NP GR 10Y avg,0.0,0.0,0.0,0.0,0.0,0.0,0.0,0.0,0.0,0.0,0.0
5056,EPS GR,751.79,—,—,-79.85,-12.31,46.38,-10.77,-20.18,57.71,-13.94,—
5056,EPS GR 3Y avg,—,-38.17,—,-36.29,4.63,1.40,3.95,2.70,10.72,8.88,4.00
5056,EPS GR 5Y avg,—,-21.22,—,-28.71,7.59,7.19,-0.68,10.20,8.83,9.15,48.41
5056,EPS GR 10Y avg,—,-11.54,—,-11.91,8.37,26.13,—,—,—,—,—
5056,OCF GR,—,-83.06,—,—,—,-51.34,—,—,-84.91,—,—
5056,FCF GR,—,-92.78,—,—,—,—,—,—,—,—,—
5056,D/E,0.07,0.08,0.09,0.12,0.16,0.28,0.34,0.30,0.23,0.13,0.10
5056,Price,0.6350,0.7200,0.7500,0.8250,1.1000,1.2100,1.2700,1.1100,1.6200,0.8600,0.9500
5065,Year End,TTM,2020-12,2019-12,2018-12,2017-12,2016-12,2015-12,2014-12,2013-12,2012-12,2011-12
5065,Revenue,328,313,332,350,331,272,241,274,246,229,226
5065,NP,16,14,13,9,16,8,7,10,8,7,6
5065,EPS,0.21,0.20,0.17,0.13,0.21,0.10,0.10,0.13,0.10,0.10,0.07
5065,DPS,0.03,0.03,0.03,0.03,0.03,0.03,0.03,—,—,—,—
5065,Div Payout,14.2,17.0,17.2,32.3,—,28.1,25.0,—,—,—,—
5065,Shares,74,74,74,74,74,74,74,74,74,74,75
5065,BVPS,2.56,2.44,2.29,2.17,2.07,1.91,1.83,1.75,1.63,1.52,1.35
5065,OCF,33,39,28,34,3,11,18,21,8,26,11
5065,FCF,23,26,6,25,-11,-8,11,9,-1,15,-12
5065,NP Margin,4.75,4.60,3.98,2.70,4.70,2.86,2.92,3.52,3.27,3.18,2.57
5065,ROE,8.49,7.95,7.79,5.89,10.39,5.55,5.23,7.58,6.79,6.57,5.54
5065,Revenue GR,20.65,-5.48,-5.22,5.79,21.56,12.75,-11.84,11.43,7.10,1.63,4.23
5065,Revenue GR 3Y avg,—,-1.78,6.82,13.18,6.51,3.46,1.71,6.64,4.29,13.59,5.79
5065,Revenue GR 5Y avg,—,5.37,3.91,7.33,7.60,3.81,2.19,11.83,5.21,7.35,6.06
5065,Revenue GR 10Y avg,—,3.77,7.80,6.26,7.47,4.93,—,—,—,—,—
5065,NP GR,—,-2.44,19.35,10.23,17.23,-1.10,-1.13,18.46,20.51,16.52,30.93
5065,NP GR 3Y avg,—,15.43,6.50,3.26,16.35,6.02,8.94,15.93,25.46,37.46,—
5065,NP GR 5Y avg,—,12.13,11.11,13.82,26.47,—,—,—,—,—,—
5065,NP GR 10Y avg,0.0,0.0,0.0,0.0,0.0,0.0,0.0,0.0,0.0,0.0,0.0
5065,EPS GR,78.79,9.55,40.16,-39.52,100.00,10.53,-26.92,20.37,10.20,27.13,26.41
5065,EPS GR 3Y avg,—,-2.44,19.24,10.16,17.33,-0.93,-1.03,19.03,20.99,17.00,30.93
5065,EPS GR 5Y avg,—,15.47,6.49,3.29,16.47,6.38,9.27,16.26,25.75,37.79,—
5065,EPS GR 10Y avg,—,12.33,11.27,13.97,26.68,—,—,—,—,—,—
5065,OCF GR,—,40.06,-17.85,—,-74.02,-41.03,-13.51,172.74,-70.17,131.26,-23.42
5065,FCF GR,—,304.09,-75.07,—,—,—,16.37,—,—,—,—
5065,D/E,0.04,0.05,0.04,0.04,0.01,—,0.01,0.04,0.06,0.08,0.05
5065,Price,1.6000,1.6900,1.0400,0.8900,1.3400,0.9400,1.0200,1.0000,0.8000,0.6300,0.4800
5066,Year End,TTM,2020-04,2019-04,2018-04,2017-04,2016-04,2015-04,2014-04,2013-04,2012-04,2011-04
5066,Revenue,763,778,728,691,645,602,548,541,481,450,420
5066,NP,62,6,9,30,50,58,43,54,49,45,52
5066,EPS,0.06,0.01,0.01,0.03,0.04,0.05,0.03,0.05,0.04,0.03,0.05
5066,DPS,0.02,0.02,0.02,0.02,0.02,0.01,0.02,0.03,0.01,0.03,0.03
5066,Div Payout,43.2,—,177.8,47.9,70.6,13.4,80.1,63.0,33.8,72.7,—
5066,Shares,"1,123","1,123","1,123","1,123","1,123","1,123","1,123","1,118","1,118","1,123","1,123"
5066,BVPS,0.44,0.40,0.40,0.41,0.38,0.37,0.32,0.31,0.28,0.25,—
5066,OCF,169,8,25,3,69,83,53,76,79,48,47
5066,FCF,97,-63,-100,-63,45,57,-40,18,13,6,8
5066,NP Margin,8.15,0.81,1.23,4.30,7.73,9.58,7.79,9.95,10.22,9.96,12.39
5066,ROE,13.26,1.40,1.96,6.57,11.64,14.95,12.17,16.56,16.55,16.84,21.82
5066,Revenue GR,-2.28,6.92,5.37,7.08,7.24,9.90,1.13,12.66,6.84,7.03,—
5066,Revenue GR 3Y avg,—,6.45,6.56,8.06,6.02,7.78,6.77,8.81,7.85,7.85,—
5066,Revenue GR 5Y avg,—,7.29,6.10,7.53,7.48,7.44,7.40,8.59,9.44,—,—
5066,Revenue GR 10Y avg,—,7.35,7.34,8.48,—,—,—,—,—,—,—
5066,NP GR,—,-49.83,-46.24,-11.35,-2.55,5.48,-1.62,1.16,-6.09,-1.05,—
5066,NP GR 3Y avg,—,-31.79,-30.15,-9.57,2.18,2.07,-6.39,3.12,7.57,—,—
5066,NP GR 5Y avg,—,-20.09,-15.13,-1.37,—,—,—,—,—,—,—
5066,NP GR 10Y avg,0.0,0.0,0.0,0.0,0.0,0.0,0.0,0.0,0.0,0.0,0.0
5066,EPS GR,766.67,-30.00,-69.81,-40.32,-13.45,35.00,-21.16,20.50,0.25,-14.01,—
5066,EPS GR 3Y avg,—,-49.85,-46.17,-11.32,-2.70,8.65,-1.61,1.28,-8.90,-1.06,—
5066,EPS GR 5Y avg,—,-31.82,-30.18,-7.90,2.16,2.03,-6.40,3.19,5.65,—,—
5066,EPS GR 10Y avg,—,-20.11,-15.12,-1.36,—,—,—,—,—,—,—
5066,OCF GR,—,-67.62,689.56,-95.34,-16.24,56.48,-30.10,-4.66,66.35,0.79,—
5066,FCF GR,—,—,—,—,-21.78,—,—,33.10,121.64,-28.28,—
5066,D/E,0.11,0.14,0.13,0.12,0.04,0.07,0.09,0.03,0.07,0.12,0.04
5066,Price,0.6600,0.4700,0.4550,0.5450,0.8500,0.9600,0.7200,0.8650,0.4750,0.4900,0.5500
5072,Year End,TTM,2020-07,2019-07,2018-07,2017-07,2016-07,2015-07,2014-07,2013-07,2012-07,2011-07
5072,Revenue,"1,127",933,"1,187","1,128","1,074","1,138","1,258","1,110","1,107","1,116","1,000"
5072,NP,113,4,25,28,-103,-42,-77,46,24,17,27
5072,EPS,0.07,—,0.02,0.02,-0.08,-0.03,-0.11,0.06,0.03,0.03,0.07
5072,DPS,—,0.01,0.01,—,—,—,0.01,0.01,0.01,0.01,0.01
5072,Div Payout,4.1,32.6,—,—,4.7,—,200.0,9.1,45.1,48.4,9.5
5072,Shares,"1,761","1,568","1,568","1,585","1,573","1,283",713,709,708,534,401
5072,BVPS,0.56,0.63,0.62,0.64,0.72,0.64,1.32,1.32,1.25,1.24,1.59
5072,OCF,79,121,56,-99,37,100,76,117,28,40,-22
5072,FCF,75,104,45,-118,22,96,64,112,7,18,-35
5072,NP Margin,10.04,0.46,2.13,2.48,-9.59,-3.65,-6.13,4.10,2.19,1.49,2.74
5072,ROE,12.47,0.50,2.98,3.40,-11.97,-4.66,-8.45,4.90,2.71,2.13,4.16
5072,Revenue GR,100.28,-21.38,5.21,5.05,-5.66,-9.51,13.25,0.29,-0.77,11.55,-6.10
5072,Revenue GR 3Y avg,—,-4.58,1.40,-3.56,-1.12,0.92,4.07,3.54,1.30,-1.26,-15.57
5072,Revenue GR 5Y avg,—,-5.80,1.33,0.37,-0.77,2.61,3.37,-0.86,-7.80,-2.72,-0.16
5072,Revenue GR 10Y avg,—,-1.32,0.23,-3.80,-1.75,1.22,—,—,—,—,—
5072,NP GR,—,—,—,—,—,—,—,18.45,-21.74,-27.42,-43.78
5072,NP GR 3Y avg,—,—,-11.10,2.84,—,—,—,1.00,-30.91,-25.32,-3.19
5072,NP GR 5Y avg,—,-21.89,-5.24,-15.71,—,—,—,—,—,—,—
5072,NP GR 10Y avg,0.0,0.0,0.0,0.0,0.0,0.0,0.0,0.0,0.0,0.0,0.0
5072,EPS GR,—,-80.72,-9.29,—,—,—,—,87.17,10.65,-54.69,-45.87
5072,EPS GR 3Y avg,—,—,—,—,—,—,—,-2.10,-35.26,-34.04,-43.48
5072,EPS GR 5Y avg,—,—,-23.70,-11.81,—,—,—,-9.88,-38.15,-29.37,-2.98
5072,EPS GR 10Y avg,—,-30.76,-17.08,-26.14,—,—,—,—,—,—,—
5072,OCF GR,—,115.24,—,—,-62.46,30.64,-34.90,325.61,-30.71,—,—
5072,FCF GR,—,134.30,—,—,-77.07,49.34,-42.35,—,-62.57,—,—
5072,D/E,—,—,0.02,0.02,0.03,0.18,0.15,0.13,0.14,0.14,0.04
5072,Price,0.6350,0.1550,0.2250,0.3800,0.3900,0.2850,0.3700,0.7650,0.5650,0.5600,0.9700
5073,Year End,TTM,2020-12,2019-12,2018-12,2017-12,2016-12,2015-12,2014-12,2013-12,2012-12,2011-12
5073,Revenue,600,585,405,599,365,428,594,656,711,493,412
5073,NP,58,54,57,65,-169,1,34,220,236,89,—
5073,EPS,0.12,0.11,0.12,0.27,-0.77,—,0.14,0.93,0.99,0.38,0.20
5073,DPS,0.10,0.10,—,—,—,—,0.04,—,0.08,0.06,0.10
5073,Div Payout,86.1,—,—,—,—,—,7.3,2.1,14.4,15.9,24.2
5073,Shares,501,501,483,237,237,237,237,237,237,237,237
5073,BVPS,2.68,2.67,2.69,4.51,4.96,5.50,5.51,5.08,3.71,3.33,2.90
5073,OCF,342,347,91,109,-15,-28,-225,-115,78,-5,35
5073,FCF,341,346,63,75,-41,-40,-259,-124,63,-20,4
5073,NP Margin,9.59,9.16,13.99,10.85,-46.24,0.17,5.78,33.56,33.13,18.16,—
5073,ROE,4.28,3.97,4.49,5.64,-13.82,0.05,2.67,19.15,25.19,11.33,—
5073,Revenue GR,22.65,44.48,-32.46,64.05,-14.68,-27.99,-9.46,-7.73,44.38,19.64,-32.77
5073,Revenue GR 3Y avg,—,16.98,-1.86,0.27,-17.76,-15.58,6.45,16.81,5.11,-4.56,-7.69
5073,Revenue GR 5Y avg,—,-0.33,-9.23,-3.38,-5.82,0.77,-0.61,2.98,6.32,-5.27,-4.77
5073,Revenue GR 10Y avg,—,-0.47,-3.32,1.35,-5.54,-2.04,—,—,—,—,—
5073,NP GR,—,—,329.04,23.70,—,-85.51,-27.34,—,—,—,—
5073,NP GR 3Y avg,—,9.30,-23.79,-22.72,—,—,—,—,—,—,—
5073,NP GR 5Y avg,—,—,—,—,—,—,—,—,—,—,—
5073,NP GR 10Y avg,0.0,0.0,0.0,0.0,0.0,0.0,0.0,0.0,0.0,0.0,0.0
5073,EPS GR,-26.13,-8.71,-57.31,—,—,-97.93,-84.42,-6.53,163.41,91.93,-52.30
5073,EPS GR 3Y avg,—,—,239.22,23.70,—,-85.55,-27.34,67.81,34.10,1.75,-16.10
5073,EPS GR 5Y avg,—,-5.90,-33.93,-22.72,—,-56.69,-18.88,21.00,24.45,3.90,-6.19
5073,EPS GR 10Y avg,—,-12.63,-10.59,-1.93,—,-36.26,—,—,—,—,—
5073,OCF GR,—,280.89,-16.36,—,—,—,—,—,—,—,-28.65
5073,FCF GR,—,445.01,-15.54,—,—,—,—,—,—,—,-12.73
5073,D/E,0.07,0.07,0.10,0.15,0.14,0.09,0.08,0.10,0.19,0.42,0.45
5073,Price,0.8300,0.7950,1.0700,0.4450,1.4200,1.9000,2.4600,2.9800,3.6500,1.7600,1.6400
5075,Year End,TTM,2020-06,2019-06,2018-06,2017-06,2016-06,2015-06,2014-06,2013-06,2012-06,2011-06
5075,Revenue,149,189,227,249,226,220,264,310,209,206,318
5075,NP,2,8,42,52,51,50,156,88,78,72,90
5075,EPS,0.01,0.02,0.11,0.12,0.13,0.13,0.60,0.32,0.29,0.27,0.33
5075,DPS,0.02,0.04,0.04,0.04,0.04,0.04,0.06,0.06,0.05,0.05,0.10
5075,Div Payout,400.0,58.4,45.0,30.4,36.9,10.7,21.7,12.8,29.4,31.6,—
5075,Shares,382,382,382,382,382,381,278,270,270,270,270
5075,BVPS,4.15,4.07,4.08,4.04,3.91,3.84,2.75,3.59,3.18,3.06,—
5075,OCF,85,17,-16,39,22,-3,95,35,38,26,40
5075,FCF,56,-61,-103,33,2,-32,-73,13,26,26,39
5075,NP Margin,1.28,4.33,18.65,20.93,22.43,22.91,59.08,28.28,37.30,35.13,28.19
5075,ROE,0.12,0.52,2.69,3.38,3.38,3.49,12.99,9.28,8.87,8.87,11.86
5075,Revenue GR,-32.29,-16.65,-8.90,9.95,2.75,-16.50,-14.92,48.59,1.26,-35.21,—
5075,Revenue GR 3Y avg,—,-5.84,0.96,-1.93,-9.96,1.82,8.58,-0.85,-15.83,-10.02,—
5075,Revenue GR 5Y avg,—,-6.46,-6.07,3.59,1.89,-7.08,-5.49,1.85,-9.73,-2.86,—
5075,Revenue GR 10Y avg,—,-5.98,-2.19,-3.30,-0.51,-0.04,—,—,—,—,—
5075,NP GR,—,-45.59,-5.74,-30.60,-16.66,-13.45,29.13,-0.73,-2.60,-3.21,—
5075,NP GR 3Y avg,—,-44.54,-13.58,-7.72,-6.85,-10.86,13.09,1.90,-0.21,5.06,—
5075,NP GR 5Y avg,—,-20.80,-6.16,-4.04,-1.07,-0.35,—,—,—,—,—
5075,NP GR 10Y avg,0.0,0.0,0.0,0.0,0.0,0.0,0.0,0.0,0.0,0.0,0.0
5075,EPS GR,-16.67,-81.08,-18.38,2.26,0.76,-76.46,72.76,12.67,7.54,-19.26,—
5075,EPS GR 3Y avg,—,-45.95,-5.61,-37.64,-25.73,-22.91,27.92,-0.73,22.72,-3.22,—
5075,EPS GR 5Y avg,—,-48.16,-19.32,-13.94,-13.07,-16.84,29.18,1.90,-0.22,5.04,—
5075,EPS GR 10Y avg,—,-18.17,-9.33,-7.33,-4.44,-3.75,—,—,—,—,—
5075,OCF GR,—,—,—,73.34,—,—,172.89,-7.17,44.04,-34.39,—
5075,FCF GR,—,—,—,—,—,—,—,-48.82,2.66,-34.19,—
5075,D/E,0.12,0.08,0.09,0.01,0.02,0.02,0.03,—,—,—,—
5075,Price,1.1000,1.0500,1.4200,1.5000,1.7300,1.6400,2.0400,2.7900,2.1400,1.8600,2.0900
5080,Year End,TTM,2020-07,2019-07,2018-07,2017-07,2016-07,2015-07,2014-07,2013-07,2012-07,2011-07
5080,Revenue,997,749,"1,001","1,004",877,777,806,799,976,830,692
5080,NP,58,24,25,23,30,11,14,13,34,52,41
5080,EPS,0.14,0.06,0.06,0.06,0.07,0.03,0.04,0.03,0.08,0.13,0.10
5080,DPS,0.01,0.01,0.01,0.01,0.01,0.01,0.01,0.01,0.01,0.01,0.01
5080,Div Payout,8.5,18.7,17.0,14.2,22.8,103.1,18.7,31.5,17.3,11.1,17.6
5080,Shares,410,410,410,410,410,410,410,410,410,410,410
5080,BVPS,1.50,1.37,1.30,1.25,1.16,1.13,1.13,1.09,1.00,0.95,0.76
5080,OCF,88,87,35,2,83,19,89,-8,6,-28,15
5080,FCF,87,83,29,-3,76,13,84,-16,-1,-36,9
5080,NP Margin,5.82,3.26,2.53,2.33,3.37,1.42,1.80,1.67,3.48,6.21,5.95
5080,ROE,9.86,4.36,4.71,4.56,6.09,2.38,3.19,2.99,8.14,13.98,12.55
5080,Revenue GR,223.85,-25.16,-0.30,14.43,12.94,-3.62,0.85,-18.12,17.55,19.89,23.37
5080,Revenue GR 3Y avg,—,-5.13,8.81,7.59,3.16,-7.33,-0.99,4.89,20.25,15.30,10.78
5080,Revenue GR 5Y avg,—,-1.45,4.60,0.56,1.10,2.32,7.50,8.08,13.89,14.92,13.22
5080,Revenue GR 10Y avg,—,2.93,6.33,7.02,7.79,7.63,—,—,—,—,—
5080,NP GR,—,-6.12,31.93,17.34,30.42,-31.32,-34.51,-31.39,1.47,21.93,12.83
5080,NP GR 3Y avg,—,11.02,13.68,-7.18,-10.55,-23.20,-14.93,-14.09,3.44,22.88,9.65
5080,NP GR 5Y avg,—,-2.82,-1.17,-2.02,4.84,-8.24,—,—,—,—,—
5080,NP GR 10Y avg,0.0,0.0,0.0,0.0,0.0,0.0,0.0,0.0,0.0,0.0,0.0
5080,EPS GR,—,-3.41,8.07,-20.83,168.66,-24.08,8.95,-60.87,-34.13,25.20,26.77
5080,EPS GR 3Y avg,—,-6.16,31.97,17.32,30.50,-31.34,-34.51,-31.41,1.49,21.96,12.83
5080,EPS GR 5Y avg,—,11.01,13.71,-7.20,-10.55,-23.21,-14.92,-14.11,3.45,9.76,-2.23
5080,EPS GR 10Y avg,—,-2.82,-1.17,-2.02,-0.91,-13.36,—,—,—,—,—
5080,OCF GR,—,147.32,—,-97.60,337.00,-78.69,—,—,—,—,-47.81
5080,FCF GR,—,185.88,—,—,488.46,-84.77,—,—,—,—,-59.19
5080,D/E,0.09,0.09,0.08,0.05,0.12,0.18,0.23,0.35,0.32,0.34,0.07
5080,Price,0.7950,0.7850,0.5050,0.5100,0.5000,0.5000,0.4700,0.4800,0.4700,0.4800,0.4400
5081,Year End,TTM,2020-03,2019-03,2018-03,2017-03,2016-03,2015-03,2014-03,2013-03,2012-03,2011-03
5081,Revenue,134,171,168,159,161,158,151,143,134,132,141
5081,NP,1,5,10,1,13,16,16,15,7,2,-40
5081,EPS,—,0.02,0.04,0.01,0.06,0.09,0.08,0.07,0.04,0.01,-0.31
5081,DPS,0.01,0.03,0.03,0.03,0.03,0.04,0.03,0.04,—,—,0.01
5081,Div Payout,416.7,95.9,93.2,155.4,47.9,44.3,48.9,50.6,—,—,—
5081,Shares,237,237,237,237,234,190,215,208,185,144,132
5081,BVPS,0.73,0.75,0.75,0.75,0.76,0.64,0.73,0.67,0.62,0.45,—
5081,OCF,23,23,10,7,25,-3,32,26,16,24,1
5081,FCF,19,21,7,4,20,-27,7,-4,13,18,-4
5081,NP Margin,0.41,3.03,5.86,0.84,8.29,10.34,10.72,10.83,5.40,1.32,-28.70
5081,ROE,0.31,2.94,5.64,0.76,7.58,10.52,12.15,12.68,6.36,1.81,-39.10
5081,Revenue GR,-21.15,1.45,5.58,-1.03,1.64,5.02,5.45,6.38,1.57,-6.20,—
5081,Revenue GR 3Y avg,—,1.96,2.03,1.84,4.02,5.61,4.44,0.45,-7.53,-10.29,—
5081,Revenue GR 5Y avg,—,2.50,3.30,3.45,3.99,2.33,-2.37,-4.85,-4.27,1.20,—
5081,Revenue GR 10Y avg,—,0.04,-0.86,-0.48,2.59,3.31,—,—,—,—,—
5081,NP GR,—,-27.15,-15.60,-56.43,-4.83,31.19,109.77,—,—,-45.21,—
5081,NP GR 3Y avg,—,-20.41,-8.66,-28.69,50.12,—,—,7.79,-14.39,-33.79,—
5081,NP GR 5Y avg,—,—,-0.78,-21.87,-0.30,1.54,—,—,—,—,—
5081,NP GR 10Y avg,0.0,0.0,0.0,0.0,0.0,0.0,0.0,0.0,0.0,0.0,0.0
5081,EPS GR,-53.41,-47.47,641.07,-90.18,-33.87,14.48,1.07,90.05,221.31,—,—
5081,EPS GR 3Y avg,—,-27.41,-21.62,-57.95,-8.54,30.04,83.43,—,—,-46.71,—
5081,EPS GR 5Y avg,—,-21.96,-11.04,-32.24,36.11,—,—,-1.57,-20.33,-36.12,—
5081,EPS GR 10Y avg,—,—,-6.43,-26.53,-6.75,-3.02,—,—,—,—,—
5081,OCF GR,—,136.63,41.88,-72.01,—,—,19.14,67.32,-33.51,—,—
5081,FCF GR,—,188.94,78.06,-79.94,—,—,—,—,-30.22,—,—
5081,D/E,0.18,0.14,0.10,0.10,0.10,0.10,0.08,—,—,—,—
5081,Price,0.4150,0.4150,0.5100,0.6550,0.6000,0.9200,0.8200,1.0000,1.2100,0.5000,0.3800
5084,Year End,TTM,2020-12,2019-12,2018-12,2017-12,2016-12,2015-12,2014-12,2013-12,2012-12,2011-12
5084,Revenue,292,308,371,239,127,159,254,229,177,122,114
5084,NP,35,35,35,30,14,27,46,36,33,14,13
5084,EPS,0.07,0.07,0.07,0.05,0.03,0.05,0.11,0.09,0.08,0.04,0.03
5084,DPS,0.02,—,0.03,0.03,—,0.04,0.04,0.03,0.04,0.01,—
5084,Div Payout,28.4,12.3,25.0,63.9,164.3,39.2,25.8,50.2,15.6,31.3,—
5084,Shares,496,496,496,496,496,496,417,403,414,406,394
5084,BVPS,0.81,0.77,0.71,0.67,0.67,0.68,0.63,0.54,0.52,0.47,0.40
5084,OCF,38,74,32,-12,-19,14,-56,-12,28,-2,9
5084,FCF,25,61,4,-25,-21,14,-56,-13,22,-2,9
5084,NP Margin,12.02,11.32,9.32,12.61,11.09,17.05,18.09,15.88,18.67,11.54,11.07
5084,ROE,9.15,9.24,9.81,8.99,4.34,8.55,16.85,16.42,16.54,7.68,7.46
5084,Revenue GR,-23.18,-16.90,55.28,88.85,-20.26,-37.50,10.90,29.31,44.79,7.71,302.17
5084,Revenue GR 3Y avg,—,34.57,32.73,-2.00,-17.93,-3.58,27.58,26.34,84.42,226.78,19.56
5084,Revenue GR 5Y avg,—,3.96,10.14,6.18,0.69,6.93,55.17,130.69,21.66,10.75,3.44
5084,Revenue GR 10Y avg,—,27.01,59.40,13.66,5.60,5.17,—,—,—,—,—
5084,NP GR,—,35.49,8.53,-13.12,-27.20,-6.46,48.23,42.48,62.21,—,—
5084,NP GR 3Y avg,—,-5.35,-0.99,-1.84,-0.11,16.57,42.76,—,—,—,18.65
5084,NP GR 5Y avg,—,16.25,—,—,—,17.60,—,—,—,—,—
5084,NP GR 10Y avg,0.0,0.0,0.0,0.0,0.0,0.0,0.0,0.0,0.0,0.0,0.0
5084,EPS GR,2.75,—,16.67,100.00,-40.00,-54.55,26.66,7.41,125.00,9.09,37.50
5084,EPS GR 3Y avg,—,32.64,11.87,-18.29,-29.83,-14.80,45.20,38.15,50.00,—,—
5084,EPS GR 5Y avg,—,-8.64,-4.22,-5.79,-3.55,8.70,35.64,—,—,—,12.89
5084,EPS GR 10Y avg,—,11.32,—,—,—,10.78,—,—,—,—,—
5084,OCF GR,—,128.71,—,—,—,—,—,—,—,—,375.17
5084,FCF GR,—,—,—,—,—,—,—,—,—,—,369.41
5084,D/E,0.26,0.28,0.32,0.31,0.16,0.18,0.27,0.18,0.26,0.33,0.17
5084,Price,0.6300,0.5200,0.6950,0.5950,0.8150,1.0000,1.0600,1.7300,1.8500,1.6000,1.3500
5088,Year End,TTM,2020-12,2019-12,2018-12,2017-12,2016-12,2015-12,2014-12,2013-12,2012-12,2011-12
5088,Revenue,64,57,34,40,44,37,46,72,64,47,51
5088,NP,20,17,6,8,14,11,18,29,25,26,18
5088,EPS,0.10,0.08,0.03,0.04,0.07,0.05,0.09,0.14,0.12,0.12,0.09
5088,DPS,—,—,0.02,0.01,0.05,0.05,0.11,0.05,0.05,0.19,0.03
5088,Div Payout,—,—,56.8,48.1,72.3,72.5,147.9,30.9,59.8,155.4,41.4
5088,Shares,203,203,203,213,213,213,213,213,213,213,215
5088,BVPS,1.60,1.55,1.48,1.40,1.35,1.33,1.31,1.35,1.31,1.19,1.32
5088,OCF,16,24,20,-17,59,-41,54,76,10,-31,49
5088,FCF,16,24,20,-17,59,-42,53,75,9,-32,47
5088,NP Margin,31.45,30.12,17.68,20.42,31.75,28.60,40.11,39.94,39.73,55.06,35.73
5088,ROE,6.40,5.54,2.00,2.78,4.88,3.68,6.38,10.00,9.21,9.40,6.29
5088,Revenue GR,70.21,68.11,-15.30,-9.24,20.42,-20.01,-36.41,12.82,35.09,-7.77,7.64
5088,Revenue GR 3Y avg,—,8.92,-2.54,-4.38,-15.07,-16.90,-1.04,12.02,10.28,8.99,10.63
5088,Revenue GR 5Y avg,—,4.48,-13.98,-8.91,-1.37,-6.49,-0.77,14.56,11.02,-22.49,-7.17
5088,Revenue GR 10Y avg,—,1.82,-0.73,0.56,-12.56,-6.83,—,—,—,—,—
5088,NP GR,—,7.03,-16.98,-23.66,-21.33,-25.52,-10.96,16.25,19.19,19.34,—
5088,NP GR 3Y avg,—,-1.34,-26.92,-20.26,-11.65,-10.56,4.17,13.44,—,-6.61,12.91
5088,NP GR 5Y avg,—,1.37,-8.95,—,-9.17,0.49,—,—,—,—,—
5088,NP GR 10Y avg,0.0,0.0,0.0,0.0,0.0,0.0,0.0,0.0,0.0,0.0,0.0
5088,EPS GR,133.64,185.86,-23.00,-41.56,33.78,-43.01,-36.12,13.39,-2.49,43.44,23.74
5088,EPS GR 3Y avg,—,8.76,-15.56,-23.62,-21.32,-25.54,-10.94,16.62,20.06,20.77,—
5088,EPS GR 5Y avg,—,-0.39,-26.18,-20.24,-11.65,-10.40,4.62,14.26,—,-5.63,13.45
5088,EPS GR 10Y avg,—,2.09,-8.16,—,-8.69,0.82,—,—,—,—,—
5088,OCF GR,—,20.18,—,—,—,—,-29.23,632.94,—,—,206.46
5088,FCF GR,—,20.46,—,—,—,—,-30.20,754.80,—,—,224.62
5088,D/E,—,—,—,—,—,—,—,—,—,—,0.01
5088,Price,1.0000,0.9600,0.8000,0.9400,1.4300,1.4500,1.9000,1.4500,1.1700,1.1000,0.8400
5090,Year End,TTM,2020-03,2019-03,2018-03,2017-03,2016-03,2015-03,2014-03,2013-03,2012-03,2011-03
5090,Revenue,125,239,286,285,303,349,429,469,478,472,446
5090,NP,-5,7,-11,-11,15,27,31,48,57,63,55
5090,EPS,—,—,-0.01,-0.01,—,0.02,0.02,0.03,0.03,0.04,0.03
5090,DPS,—,—,—,0.01,0.01,0.01,0.01,0.02,0.02,0.03,0.02
5090,Div Payout,—,—,—,110.9,94.9,64.1,28.6,56.0,61.0,91.1,—
5090,Shares,"1,687","1,687","1,687","1,687","1,687","1,687","1,687","1,687","1,687","1,687","1,685"
5090,BVPS,0.41,0.44,0.45,0.47,0.50,0.45,0.47,0.40,0.36,1.78,—
5090,OCF,-3,6,15,22,24,50,53,57,78,79,95
5090,FCF,-3,5,14,21,22,47,44,46,60,72,75
5090,NP Margin,-4.26,2.95,-3.95,-4.03,5.01,7.63,7.32,10.29,11.93,13.39,12.30
5090,ROE,-3.12,4.28,-6.18,-5.87,7.45,12.61,14.70,22.71,18.37,15.65,14.90
5090,Revenue GR,-44.05,-16.23,0.21,-5.82,-13.33,-18.65,-8.45,-1.91,1.19,5.92,—
5090,Revenue GR 3Y avg,—,-7.53,-6.48,-12.76,-13.57,-9.93,-3.14,1.68,8.32,6.20,—
5090,Revenue GR 5Y avg,—,-11.03,-9.44,-9.82,-8.52,-4.77,2.68,3.52,7.80,21.75,—
5090,Revenue GR 10Y avg,—,-4.42,-3.18,-1.40,5.54,8.05,11.10,—,—,—,—
5090,NP GR,—,-22.50,—,—,-32.02,-22.38,-20.78,-4.18,11.48,55.56,—
5090,NP GR 3Y avg,—,-25.83,—,—,-24.84,-13.44,-5.24,23.50,24.32,83.54,—
5090,NP GR 5Y avg,—,-16.16,—,—,17.45,11.68,18.92,—,—,—,—
5090,NP GR 10Y avg,0.0,0.0,0.0,0.0,0.0,0.0,0.0,0.0,0.0,0.0,0.0
5090,EPS GR,-60.00,—,—,—,-43.04,-15.05,-34.97,-15.38,-9.87,15.38,—
5090,EPS GR 3Y avg,—,-22.43,—,—,-31.98,-22.39,-20.84,-4.17,11.47,55.36,—
5090,EPS GR 5Y avg,—,-25.74,—,—,-24.83,-13.43,-5.28,23.39,9.99,37.32,—
5090,EPS GR 10Y avg,—,-16.13,—,—,1.60,-3.22,2.81,—,—,—,—
5090,OCF GR,—,-60.05,-29.99,-9.73,-51.56,-5.29,-6.90,-27.19,-1.42,-16.22,—
5090,FCF GR,—,-66.91,-34.98,-6.19,-52.13,7.46,-4.69,-22.93,-16.97,-4.33,—
5090,D/E,—,0.01,—,—,0.26,0.27,0.58,0.63,—,—,—
5090,Price,0.2000,0.2000,0.1700,0.2200,0.3650,0.6450,0.7150,0.6800,0.9100,1.1800,1.0200
5094,Year End,TTM,2020-12,2019-12,2018-12,2017-12,2016-12,2015-12,2014-12,2013-12,2012-12,2011-12
5094,Revenue,"1,212","1,080","1,363","1,382","1,323","1,035","1,017","1,048","1,142","1,127","1,206"
5094,NP,54,37,35,22,60,69,55,-21,29,28,30
5094,EPS,0.15,0.10,0.09,0.06,0.16,0.19,0.15,-0.06,0.08,0.08,0.08
5094,DPS,0.07,0.07,0.04,0.10,0.10,0.08,0.03,0.05,0.05,0.05,0.10
5094,Div Payout,45.3,107.7,57.6,95.2,72.2,33.4,65.0,—,3.1,66.5,92.8
5094,Shares,370,369,369,369,369,369,370,372,372,373,373
5094,BVPS,2.33,2.21,2.22,2.18,2.18,2.18,2.01,1.99,2.08,2.07,2.04
5094,OCF,62,85,80,84,-42,109,56,-1,68,63,3
5094,FCF,52,74,65,61,-66,79,16,-31,50,24,-16
5094,NP Margin,4.44,3.43,2.55,1.58,4.52,6.64,5.37,-2.03,2.57,2.49,2.45
5094,ROE,6.37,4.45,4.27,2.70,7.35,8.71,7.29,-2.83,3.79,3.63,3.78
5094,Revenue GR,46.32,-20.76,-1.40,4.47,27.83,1.77,-2.99,-8.17,1.31,-6.56,16.57
5094,Revenue GR 3Y avg,—,-6.55,9.60,10.77,8.07,-3.21,-3.36,-4.56,3.33,9.01,-4.22
5094,Revenue GR 5Y avg,—,1.21,5.39,3.90,3.26,-3.01,-0.34,3.80,-3.62,-2.85,3.32
5094,Revenue GR 10Y avg,—,0.43,4.59,0.07,0.16,0.10,—,—,—,—,—
5094,NP GR,—,-14.79,-20.28,-26.26,—,32.77,24.92,—,-24.86,-32.52,-20.48
5094,NP GR 3Y avg,—,-7.49,—,-5.69,16.39,18.38,-4.62,—,-12.97,-18.86,-16.31
5094,NP GR 5Y avg,—,-6.07,-9.18,-9.40,-2.82,-0.47,—,—,—,—,—
5094,NP GR 10Y avg,0.0,0.0,0.0,0.0,0.0,0.0,0.0,0.0,0.0,0.0,0.0
5094,EPS GR,334.56,6.37,58.85,-63.40,-13.04,26.31,—,—,5.06,-5.16,-57.28
5094,EPS GR 3Y avg,—,-14.80,-20.33,-26.19,—,33.16,25.23,—,-24.78,-32.50,-20.33
5094,EPS GR 5Y avg,—,-7.44,—,-5.55,16.62,18.66,-4.47,—,-12.81,-18.70,-16.03
5094,EPS GR 10Y avg,—,-5.97,-9.09,-9.25,-2.63,-0.18,—,—,—,—,—
5094,OCF GR,—,6.26,-5.66,—,—,94.69,—,—,7.28,—,-94.19
5094,FCF GR,—,14.16,6.26,—,—,406.13,—,—,107.58,—,—
5094,D/E,—,—,—,—,—,—,—,—,—,—,—
5094,Price,1.4300,1.3500,1.0600,1.0200,1.5400,2.1500,1.0900,1.0100,1.2400,1.1900,1.3300
5095,Year End,TTM,2020-12,2019-12,2018-12,2017-12,2016-12,2015-12,2014-12,2013-12,2012-12,2011-12
5095,Revenue,397,389,419,448,544,540,503,422,390,373,373
5095,NP,13,16,14,17,64,81,74,30,22,15,3
5095,EPS,0.02,0.03,0.03,0.03,0.12,0.15,0.14,0.05,0.04,0.04,0.01
5095,DPS,0.03,0.04,0.03,0.06,0.07,0.04,0.02,0.01,—,—,—
5095,Div Payout,105.4,148.9,200.0,139.4,57.6,24.3,14.2,8.2,—,5.8,—
5095,Shares,567,567,565,568,549,534,542,551,532,362,362
5095,BVPS,0.75,0.75,0.76,0.79,0.82,0.79,0.72,0.66,0.61,0.58,0.53
5095,OCF,25,32,65,49,85,73,140,48,38,42,32
5095,FCF,11,22,56,24,19,55,133,38,29,39,23
5095,NP Margin,3.39,4.21,3.44,3.72,11.83,14.94,14.62,7.14,5.77,4.15,0.90
5095,ROE,3.16,3.80,3.32,3.71,14.67,21.04,23.88,12.03,10.22,7.69,1.74
5095,Revenue GR,9.49,-7.29,-6.41,-17.74,0.82,7.30,19.17,8.43,4.54,-0.12,2.73
5095,Revenue GR 3Y avg,—,-10.63,-8.10,-3.81,8.83,11.51,10.54,4.22,2.36,4.40,3.05
5095,Revenue GR 5Y avg,—,-5.04,-0.15,2.83,7.88,7.68,6.75,5.22,2.70,7.28,17.99
5095,Revenue GR 10Y avg,—,0.68,2.50,2.77,7.58,12.72,—,—,—,—,—
5095,NP GR,—,-36.67,-43.64,-39.05,28.77,53.15,68.14,108.25,-4.41,-8.88,56.36
5095,NP GR 3Y avg,—,-25.97,-13.71,-5.80,33.01,89.05,23.40,8.08,91.41,17.82,-15.50
5095,NP GR 5Y avg,—,-4.42,-3.42,34.28,25.19,26.39,—,—,—,—,—
5095,NP GR 10Y avg,0.0,0.0,0.0,0.0,0.0,0.0,0.0,0.0,0.0,0.0,0.0
5095,EPS GR,38.97,12.94,-12.97,-75.06,-22.13,11.20,147.97,29.68,-1.40,363.96,-87.03
5095,EPS GR 3Y avg,—,-37.42,-44.71,-40.01,29.01,52.92,46.91,81.03,-15.96,-8.84,54.53
5095,EPS GR 5Y avg,—,-26.66,-14.16,-7.04,22.38,74.88,13.80,-0.64,75.98,15.03,-17.58
5095,EPS GR 10Y avg,—,-8.64,-7.65,27.91,18.65,20.06,—,—,—,—,—
5095,OCF GR,—,-50.72,32.26,-42.44,16.52,-47.64,192.53,24.81,-9.11,30.70,86.72
5095,FCF GR,—,-60.62,132.36,29.97,-66.34,-58.45,255.17,31.69,-26.67,69.21,73.28
5095,D/E,0.02,0.02,0.03,0.03,0.03,0.02,0.07,0.15,0.27,0.42,0.60
5095,Price,0.6100,0.7150,0.5400,0.6100,1.1900,1.5000,1.6200,1.6600,1.3600,0.4800,0.5400
5100,Year End,TTM,2020-12,2019-12,2018-12,2017-12,2016-12,2015-12,2014-12,2013-12,2012-12,2011-12
5100,Revenue,339,317,331,334,329,324,283,284,241,220,222
5100,NP,33,30,21,21,13,18,22,10,10,10,16
5100,EPS,0.18,0.16,0.11,0.11,0.07,0.10,0.12,0.06,0.06,0.05,0.09
5100,DPS,0.08,0.08,0.06,0.04,0.06,0.09,0.06,0.06,0.04,0.04,0.06
5100,Div Payout,45.4,51.6,53.1,41.7,84.2,59.4,69.3,104.7,114.1,74.4,31.6
5100,Shares,188,188,188,188,188,188,187,182,180,180,180
5100,BVPS,1.13,1.08,1.00,0.95,0.89,0.88,0.84,0.83,0.84,0.83,0.80
5100,OCF,40,59,17,37,14,16,48,—,16,-1,17
5100,FCF,28,53,4,11,11,—,38,-5,12,-5,1
5100,NP Margin,9.77,9.37,6.40,6.40,3.91,5.51,7.70,3.55,4.19,4.39,6.99
5100,ROE,16.34,14.95,11.39,12.26,7.71,10.81,13.65,6.53,6.64,6.47,10.66
5100,Revenue GR,28.95,-4.41,-0.77,1.59,1.29,14.43,-0.18,17.83,9.41,-0.85,0.64
5100,Revenue GR 3Y avg,—,-1.23,0.70,5.60,4.98,10.41,8.77,8.53,2.97,7.93,-1.64
5100,Revenue GR 5Y avg,—,2.24,3.12,6.73,8.32,7.86,5.13,10.14,0.64,1.47,2.11
5100,Revenue GR 10Y avg,—,3.67,6.57,3.64,4.84,4.95,—,—,—,—,—
5100,NP GR,—,32.21,5.87,-0.73,8.42,20.94,31.22,-13.44,-16.15,-14.78,9.81
5100,NP GR 3Y avg,—,6.32,16.06,16.16,5.84,2.84,4.97,-8.40,-2.95,-3.98,-4.00
5100,NP GR 5Y avg,—,5.64,3.11,6.18,0.81,-0.64,—,—,—,—,—
5100,NP GR 10Y avg,0.0,0.0,0.0,0.0,0.0,0.0,0.0,0.0,0.0,0.0,0.0
5100,EPS GR,55.12,39.91,-0.70,66.42,-28.17,-18.42,110.27,-1.07,4.47,-37.70,-9.36
5100,EPS GR 3Y avg,—,32.23,5.88,-0.84,7.21,19.28,29.53,-13.65,-16.13,-14.76,9.81
5100,EPS GR 5Y avg,—,6.26,15.28,15.20,4.95,2.01,4.18,-8.54,-2.93,-11.44,-11.48
5100,EPS GR 10Y avg,—,5.21,2.68,5.74,-3.59,-4.98,—,—,—,—,—
5100,OCF GR,—,250.28,-54.59,162.55,-9.69,-67.78,—,—,—,—,-21.29
5100,FCF GR,—,—,-60.63,6.08,—,—,—,—,—,—,-92.48
5100,D/E,—,—,—,—,—,—,—,—,—,—,—
5100,Price,1.3500,1.4500,1.0300,0.9900,1.1000,1.4000,1.7400,0.7550,0.6500,0.6500,0.6000
5102,Year End,TTM,2020-12,2019-12,2018-12,2017-12,2016-12,2015-12,2014-12,2013-12,2012-12,2011-12
5102,Revenue,"3,736","3,685","2,942","2,273","2,148","2,316","2,381","1,819","1,363","1,453","1,382"
5102,NP,184,223,218,190,91,43,23,-18,3,119,126
5102,EPS,0.17,0.21,0.21,0.20,0.10,0.04,0.02,-0.02,—,0.12,0.12
5102,DPS,0.04,0.04,0.03,0.01,0.01,0.01,—,—,0.03,0.04,0.04
5102,Div Payout,20.6,15.8,6.0,9.0,23.4,—,—,—,94.4,33.6,30.2
5102,Shares,"1,085","1,079","1,040",956,956,955,953,953,989,"1,002",985
5102,BVPS,1.18,1.12,0.82,0.63,0.49,0.43,0.40,0.34,0.35,0.36,0.19
5102,OCF,130,2,-94,303,-69,128,93,137,-200,17,-85
5102,FCF,-113,-210,-158,205,-119,123,87,113,-302,-77,-192
5102,NP Margin,4.94,6.04,7.41,8.36,4.24,1.84,0.96,-0.97,0.25,8.19,9.11
5102,ROE,16.24,20.83,26.96,33.16,20.15,10.64,6.53,-5.41,1.02,39.30,56.27
5102,Revenue GR,5.58,25.27,29.39,5.84,-7.25,-2.72,30.89,33.47,-6.23,5.17,19.12
5102,Revenue GR 3Y avg,—,19.71,8.30,-1.52,5.70,19.34,17.88,9.59,5.51,31.26,25.78
5102,Revenue GR 5Y avg,—,9.13,10.09,10.78,8.13,10.88,15.46,23.13,14.44,—,—
5102,Revenue GR 10Y avg,—,12.25,16.43,12.59,—,—,—,—,—,—,—
5102,NP GR,—,34.74,72.35,102.91,—,131.89,-42.38,—,-67.68,102.80,164.83
5102,NP GR 3Y avg,—,57.81,—,123.43,-5.21,-19.49,-25.80,—,-12.81,—,—
5102,NP GR 5Y avg,—,8.21,31.34,39.57,—,—,—,—,—,—,—
5102,NP GR 10Y avg,0.0,0.0,0.0,0.0,0.0,0.0,0.0,0.0,0.0,0.0,0.0
5102,EPS GR,-54.06,-1.48,5.33,108.82,113.80,86.40,—,—,-97.09,-7.47,62.29
5102,EPS GR 3Y avg,—,29.40,67.54,102.65,—,134.61,-41.40,—,-64.80,99.97,129.80
5102,EPS GR 5Y avg,—,53.91,—,124.99,-4.31,-19.07,-21.28,—,-20.07,—,—
5102,EPS GR 10Y avg,—,10.07,30.30,34.10,—,—,—,—,—,—,—
5102,OCF GR,—,—,—,—,—,37.28,-31.65,—,—,—,—
5102,FCF GR,—,—,—,—,—,41.69,-23.42,—,—,—,—
5102,D/E,0.38,0.40,0.05,0.07,0.04,0.13,0.34,0.45,0.37,0.33,0.03
5102,Price,3.1400,2.6700,3.0800,2.7500,2.1300,1.0800,1.3500,1.0200,1.3700,1.6400,1.3700
5106,Year End,TTM,2020-12,2019-12,2018-12,2017-12,2016-12,2015-12,2014-12,2013-12,2012-12,2011-12
5106,Revenue,235,232,222,211,168,167,163,138,141,136,118
5106,NP,145,142,209,155,123,122,97,110,111,103,81
5106,EPS,0.10,0.10,0.17,0.13,0.11,0.11,0.09,0.12,0.12,0.11,0.11
5106,DPS,0.09,0.07,0.11,0.07,0.09,0.08,0.07,0.12,0.07,0.06,0.11
5106,Div Payout,87.2,53.5,79.0,71.5,88.5,79.5,88.1,72.2,61.3,54.0,50.8
5106,Shares,"1,446","1,441","1,260","1,233","1,232","1,103","1,096",934,916,909,762
5106,BVPS,1.47,1.48,1.15,1.31,1.14,1.25,1.29,0.95,1.10,1.09,0.99
5106,OCF,164,168,141,164,150,187,53,106,137,118,92
5106,FCF,164,168,140,163,150,187,52,106,135,117,92
5106,NP Margin,61.57,61.17,94.05,73.59,73.06,73.37,59.21,80.26,78.75,75.69,68.85
5106,ROE,6.84,6.76,11.18,9.52,8.21,8.91,7.21,9.38,11.03,10.66,9.54
5106,Revenue GR,5.20,4.39,5.64,25.53,0.65,2.21,18.49,-2.61,3.72,15.73,31.96
5106,Revenue GR 3Y avg,—,11.45,10.10,8.90,6.82,5.66,6.18,5.34,16.57,23.92,22.96
5106,Revenue GR 5Y avg,—,7.33,10.08,8.31,4.25,7.20,12.82,13.96,17.41,23.82,23.53
5106,Revenue GR 10Y avg,—,10.04,12.00,12.77,13.61,15.08,—,—,—,—,—
5106,NP GR,—,5.05,19.60,17.08,3.53,3.20,-2.16,10.87,3.17,18.50,8.50
5106,NP GR 3Y avg,—,8.03,13.63,6.85,3.52,8.57,-0.96,12.25,11.89,8.49,13.56
5106,NP GR 5Y avg,—,3.43,12.94,9.34,5.97,11.04,—,—,—,—,—
5106,NP GR 10Y avg,0.0,0.0,0.0,0.0,0.0,0.0,0.0,0.0,0.0,0.0,0.0
5106,EPS GR,8.33,-40.64,32.14,14.59,-1.08,25.88,-25.47,-2.72,7.14,6.67,-31.31
5106,EPS GR 3Y avg,—,-3.49,14.41,12.58,-2.46,-3.00,-8.07,3.60,-7.75,-0.18,-5.49
5106,EPS GR 5Y avg,—,2.28,7.04,0.68,-0.66,0.85,-10.66,0.72,-0.71,-7.40,0.40
5106,EPS GR 10Y avg,—,-4.41,3.83,-0.02,-4.09,0.62,—,—,—,—,—
5106,OCF GR,—,19.54,-14.23,9.58,-19.84,253.11,-50.17,-22.50,16.58,28.19,27.11
5106,FCF GR,—,19.98,-14.16,8.91,-19.83,261.07,-50.95,-21.86,15.40,27.72,26.96
5106,D/E,0.26,0.24,0.24,0.15,0.15,0.24,0.24,0.20,0.26,0.21,0.16
5106,Price,1.9500,2.0300,1.7700,1.5600,1.5000,1.6100,1.6400,3.6200,2.9300,3.1300,2.6200
5109,Year End,TTM,2020-06,2019-06,2018-06,2017-06,2016-06,2015-06,2014-06,2013-06,2012-06,2011-06
5109,Revenue,307,426,491,501,450,426,418,425,292,81,30
5109,NP,-135,10,105,237,-12,-6,95,195,56,106,58
5109,EPS,-0.08,0.01,0.06,0.14,-0.01,—,0.07,0.15,0.04,0.08,0.05
5109,DPS,0.05,0.06,0.08,0.08,0.03,0.04,0.07,0.07,0.04,0.04,0.06
5109,Div Payout,—,86.2,88.8,53.4,—,128.2,54.9,120.7,59.6,131.2,—
5109,Shares,"1,704","1,704","1,704","1,704","1,529","1,324","1,324","1,324","1,324","1,270","1,179"
5109,BVPS,1.53,1.56,1.55,1.40,1.40,1.34,1.16,1.00,1.10,1.16,—
5109,OCF,113,185,222,243,202,179,182,184,230,8,15
5109,FCF,109,176,171,233,158,165,177,182,"-1,159",8,15
5109,NP Margin,-44.11,2.25,21.32,47.22,-2.70,-1.35,22.74,45.89,19.09,131.29,193.18
5109,ROE,-5.13,0.36,3.84,9.01,-0.54,-0.31,5.50,13.07,3.94,7.39,4.26
5109,Revenue GR,-24.61,-13.13,-2.01,11.40,5.49,2.06,-1.75,45.58,261.14,168.21,—
5109,Revenue GR 3Y avg,—,-1.75,4.82,6.25,1.89,13.44,72.86,141.59,38.54,-9.88,—
5109,Revenue GR 5Y avg,—,0.42,2.92,11.40,40.94,69.86,30.63,30.93,21.96,-3.94,—
5109,Revenue GR 10Y avg,—,14.53,16.08,16.56,16.36,—,—,—,—,—,—
5109,NP GR,—,—,—,35.55,—,—,-3.64,49.63,21.51,-33.18,—
5109,NP GR 3Y avg,—,-36.78,-11.71,33.52,—,—,25.04,-11.33,-7.26,7.87,—
5109,NP GR 5Y avg,—,-11.09,-11.52,11.28,—,—,—,—,—,—,—
5109,NP GR 10Y avg,0.0,0.0,0.0,0.0,0.0,0.0,0.0,0.0,0.0,0.0,0.0
5109,EPS GR,-102.95,-90.88,-55.76,—,—,—,-51.32,249.88,-49.64,69.23,—
5109,EPS GR 3Y avg,—,—,—,24.63,—,—,-4.99,43.93,16.83,-34.81,—
5109,EPS GR 5Y avg,—,-39.95,-16.06,26.95,—,—,22.12,-13.36,-9.38,4.00,—
5109,EPS GR 10Y avg,—,-14.36,-14.72,7.25,—,—,—,—,—,—,—
5109,OCF GR,—,-16.37,-8.63,20.18,13.08,-1.90,-1.34,-19.73,—,-45.76,—
5109,FCF GR,—,2.91,-26.57,46.89,-4.11,-6.95,-2.49,—,—,-45.76,—
5109,D/E,0.80,0.80,0.37,0.62,0.39,0.83,0.88,0.94,1.20,0.12,0.13
5109,Price,0.8900,1.0500,1.3400,1.1700,1.1800,0.8500,1.0700,0.9200,0.0000,0.0,0.0
5110,Year End,TTM,2020-12,2019-12,2018-12,2017-12,2016-12,2015-12,2014-12,2013-12,2012-12,2011-12
5110,Revenue,82,72,79,78,82,89,92,90,86,83,79
5110,NP,40,35,20,58,38,50,110,49,45,76,42
5110,EPS,0.08,0.08,0.05,0.14,0.09,0.12,0.26,0.12,0.11,0.18,0.11
5110,DPS,0.08,0.13,0.09,0.08,0.04,—,0.01,0.11,0.06,0.10,0.10
5110,Div Payout,106.0,215.3,100.6,62.4,42.6,3.5,12.6,102.8,32.3,58.2,86.9
5110,Shares,676,426,423,423,423,423,423,423,423,423,398
5110,BVPS,1.47,1.06,1.72,1.72,1.67,1.66,1.51,1.50,1.50,1.50,1.75
5110,OCF,61,45,55,43,52,60,63,63,63,60,68
5110,FCF,61,45,54,43,52,60,63,63,63,60,68
5110,NP Margin,48.68,48.03,25.19,73.58,46.17,55.52,120.39,54.59,51.96,91.87,52.99
5110,ROE,4.66,4.12,2.77,8.04,5.37,7.07,16.53,7.74,7.07,8.29,4.30
5110,Revenue GR,49.12,-8.10,0.68,-4.68,-8.22,-2.45,1.84,4.42,4.00,4.85,86.36
5110,Revenue GR 3Y avg,—,-4.10,-4.14,-5.15,-3.03,1.23,3.41,4.42,26.66,23.06,23.33
5110,Revenue GR 5Y avg,—,-4.61,-2.63,-1.92,-0.20,2.50,16.66,15.14,15.39,19.43,20.38
5110,Revenue GR 10Y avg,—,5.49,5.88,6.38,9.18,11.08,—,—,—,—,—
5110,NP GR,—,-2.83,-26.34,-19.51,-8.30,3.49,13.16,5.46,13.50,13.21,18.47
5110,NP GR 3Y avg,—,-20.63,-16.58,5.14,-13.03,3.46,29.21,-1.31,12.20,-5.31,15.64
5110,NP GR 5Y avg,—,1.27,-9.27,8.61,-9.25,9.38,—,—,—,—,—
5110,NP GR 10Y avg,0.0,0.0,0.0,0.0,0.0,0.0,0.0,0.0,0.0,0.0,0.0
5110,EPS GR,-7.72,73.99,-65.54,51.90,-23.68,-55.00,124.72,9.63,-41.17,70.94,-15.42
5110,EPS GR 3Y avg,—,-3.07,-26.35,-19.50,-8.27,3.50,13.17,3.31,-5.25,-5.50,0.94
5110,EPS GR 5Y avg,—,-20.74,-16.58,5.15,-13.02,2.20,15.95,-11.45,0.67,-15.03,3.96
5110,EPS GR 10Y avg,—,-4.14,-14.06,2.89,-14.03,3.08,—,—,—,—,—
5110,OCF GR,—,-16.82,27.83,-17.24,-14.49,-4.94,0.17,-0.16,5.84,-12.05,—
5110,FCF GR,—,-17.00,27.56,-17.27,-14.53,-4.91,0.13,-0.15,5.86,-12.04,—
5110,D/E,—,—,—,—,—,0.54,0.54,0.60,0.60,0.60,0.32
5110,Price,1.1100,1.1300,1.2300,1.3100,1.6200,1.7600,1.6000,1.4300,1.4500,1.3700,1.4000
5111,Year End,TTM,2020-06,2017-12,2016-12,2015-12,2014-12,2013-12,2012-12,2011-12,2010-12,2009-12
5111,Revenue,28,22,33,37,37,44,53,55,52,49,50
5111,NP,6,8,20,21,26,49,33,71,31,31,36
5111,EPS,0.02,0.03,0.07,0.08,0.09,0.17,0.12,0.25,0.11,0.11,0.13
5111,DPS,0.02,0.05,0.03,0.03,0.03,0.04,0.05,0.06,0.11,0.10,0.09
5111,Div Payout,98.7,90.2,—,—,—,—,—,—,—,—,—
5111,Shares,281,281,281,281,281,281,281,281,281,281,281
5111,BVPS,1.90,1.90,—,—,—,—,—,—,—,—,—
5111,OCF,32,9,17,20,8,38,35,40,40,36,—
5111,FCF,9,-14,17,20,8,38,35,40,40,36,—
5111,NP Margin,22.39,35.92,60.19,57.50,69.16,109.56,61.79,130.94,59.38,62.20,71.82
5111,ROE,1.19,1.45,3.63,3.89,4.78,9.29,6.37,14.51,6.55,6.63,7.95
5111,Revenue GR,50.91,-15.48,-10.64,-1.32,-16.15,-15.87,-3.02,4.85,5.37,—,—
5111,Revenue GR 3Y avg,—,-11.42,-9.57,-11.37,-11.89,-5.07,2.33,3.01,3.88,—,—
5111,Revenue GR 5Y avg,—,-12.86,-9.61,-6.68,-5.44,-2.26,2.65,6.20,—,—,—
5111,Revenue GR 10Y avg,—,-6.43,-2.02,—,—,—,—,—,—,—,—
5111,NP GR,—,-23.42,-25.94,-13.47,-28.77,16.43,2.10,25.84,-22.56,—,—
5111,NP GR 3Y avg,—,-19.84,-22.63,-7.28,-3.42,6.35,-13.25,-7.63,—,—,—
5111,NP GR 5Y avg,—,-17.03,-15.46,—,—,—,—,—,—,—,—
5111,NP GR 10Y avg,0.0,0.0,0.0,0.0,0.0,0.0,0.0,0.0,0.0,0.0,0.0
5111,EPS GR,-26.44,-31.23,-6.49,-17.93,-47.04,49.23,357.37,-76.88,0.60,—,—
5111,EPS GR 3Y avg,—,-23.41,-25.93,-13.44,53.47,16.42,2.08,-41.59,-22.56,—,—
5111,EPS GR 5Y avg,—,-19.81,22.64,-7.26,-3.41,6.34,-13.25,-42.11,—,—,—
5111,EPS GR 10Y avg,—,-17.02,-15.74,—,—,—,—,—,—,—,—
5111,OCF GR,—,-22.60,-15.39,145.06,-78.88,8.27,-12.33,0.49,12.19,—,—
5111,FCF GR,—,—,-15.39,145.06,-78.88,8.27,-12.33,0.49,12.19,—,—
5111,D/E,0.49,—,—,—,—,0.20,0.21,0.21,0.22,—,0.23
5111,Price,0.5900,0.7450,0.8800,0.9800,1.2200,1.1700,1.2300,1.2700,1.5000,1.4600,1.2900
5116,Year End,TTM,2020-12,2019-12,2018-12,2017-12,2016-12,2015-12,2014-12,2013-12,2012-12,2011-12
5116,Revenue,117,116,106,103,100,104,111,109,107,103,84
5116,NP,15,13,76,91,85,63,67,71,73,63,85
5116,EPS,0.02,0.02,0.10,0.13,0.12,0.09,0.10,0.10,0.11,0.09,0.15
5116,DPS,0.07,0.05,0.07,0.10,0.08,0.04,0.07,0.05,0.08,0.06,0.08
5116,Div Payout,345.6,64.9,62.3,65.3,89.3,35.9,71.8,12.4,89.6,61.5,101.5
5116,Shares,736,736,736,729,728,728,701,696,696,669,586
5116,BVPS,1.27,1.32,1.29,1.24,1.22,1.21,1.12,1.15,1.13,1.15,—
5116,OCF,99,83,84,58,89,88,100,98,88,93,78
5116,FCF,99,83,84,58,89,88,100,98,88,93,78
5116,NP Margin,12.44,10.86,71.78,89.02,84.94,61.09,60.79,65.54,68.25,60.84,100.77
5116,ROE,1.53,1.32,7.99,9.77,9.30,7.14,7.88,8.65,9.08,8.28,12.71
5116,Revenue GR,3.54,9.05,3.37,3.01,-4.04,-6.41,2.12,1.14,3.89,22.41,15.74
5116,Revenue GR 3Y avg,—,5.11,0.72,-2.56,-2.84,-1.12,2.38,8.75,13.75,19.51,20.92
5116,Revenue GR 5Y avg,—,0.84,-0.47,-0.90,-0.74,4.22,8.74,12.39,17.59,23.70,—
5116,Revenue GR 10Y avg,—,4.72,5.77,7.95,10.81,—,—,—,—,—,—
5116,NP GR,—,-47.04,6.28,10.65,5.93,-4.71,2.35,-5.77,17.82,5.42,24.74
5116,NP GR 3Y avg,—,-28.54,1.35,4.50,6.12,-5.71,8.52,5.81,10.82,19.94,—
5116,NP GR 5Y avg,—,-11.94,3.56,7.62,12.82,—,—,—,—,—,—
5116,NP GR 10Y avg,0.0,0.0,0.0,0.0,0.0,0.0,0.0,0.0,0.0,0.0,0.0
5116,EPS GR,12.32,-83.48,-17.46,7.92,33.41,-9.55,-5.87,-2.85,12.02,-35.35,79.28
5116,EPS GR 3Y avg,—,-47.20,5.92,9.20,4.34,-6.13,0.81,-11.06,9.09,-5.39,11.08
5116,EPS GR 5Y avg,—,-29.23,0.23,3.56,4.33,-9.74,3.50,-1.62,-0.15,4.76,—
5116,EPS GR 10Y avg,—,-14.42,-0.70,1.69,4.55,—,—,—,—,—,—
5116,OCF GR,—,-1.28,44.42,-35.00,1.15,-11.77,1.77,11.73,-5.84,19.19,43.18
5116,FCF GR,—,-1.28,44.42,-35.00,1.15,-11.77,1.77,11.73,-5.84,19.19,43.18
5116,D/E,0.12,0.12,0.68,0.64,—,0.73,0.74,0.79,0.90,0.10,0.94
5116,Price,1.3100,1.3100,1.3200,1.3100,1.4300,1.5700,1.4000,1.3800,1.3300,1.2900,1.1500
5120,Year End,TTM,2021-03,2020-03,2019-03,2018-03,2017-03,2016-03,2015-03,2014-03,2013-03,2012-03
5120,Revenue,107,107,116,117,114,112,100,107,113,110,98
5120,NP,3,3,24,22,11,22,68,38,63,52,52
5120,EPS,0.03,0.03,0.04,0.03,0.02,0.03,0.10,0.06,0.09,0.09,0.11
5120,DPS,0.03,0.03,0.04,0.04,0.04,0.02,—,0.03,—,0.04,0.05
5120,Div Payout,92.3,91.4,131.7,290.4,111.8,21.5,0.5,38.4,0.3,42.9,50.7
5120,Shares,686,686,686,686,686,686,686,686,686,596,475
5120,BVPS,1.20,1.22,1.22,1.23,1.25,1.26,1.21,1.22,1.20,1.19,1.25
5120,OCF,38,38,69,66,67,75,51,36,71,70,57
5120,FCF,38,38,69,66,67,75,51,36,71,70,57
5120,NP Margin,2.54,2.54,20.33,19.12,9.93,19.94,68.51,35.87,55.92,47.18,53.27
5120,ROE,0.33,0.33,2.80,2.63,1.32,2.55,7.95,4.53,7.48,7.12,8.53
5120,Revenue GR,-14.69,-7.53,-0.47,2.18,2.30,11.77,-6.64,-5.23,2.74,12.05,10.66
5120,Revenue GR 3Y avg,—,-2.03,1.33,5.32,2.20,-0.37,-3.13,2.94,8.41,3.79,1.72
5120,Revenue GR 5Y avg,—,1.46,1.66,0.66,0.77,2.63,2.42,1.71,3.92,13.67,47.80
5120,Revenue GR 10Y avg,—,1.94,1.68,2.28,7.03,23.16,—,—,—,—,—
5120,NP GR,—,-37.81,1.98,-31.17,-33.39,-29.35,9.70,-9.77,11.61,-1.41,-33.70
5120,NP GR 3Y avg,—,-47.51,-9.26,-18.78,-26.21,-15.69,8.55,-6.64,-18.84,10.59,44.28
5120,NP GR 5Y avg,—,-24.51,-7.96,-18.81,-9.67,10.29,—,—,—,—,—
5120,NP GR 10Y avg,0.0,0.0,0.0,0.0,0.0,0.0,0.0,0.0,0.0,0.0,0.0
5120,EPS GR,-472.27,-9.01,5.85,96.97,-49.07,-67.47,78.18,-39.16,6.84,-21.74,15.09
5120,EPS GR 3Y avg,—,23.79,2.02,-31.15,-33.42,-29.35,5.02,-20.17,-1.27,-8.91,-33.69
5120,EPS GR 5Y avg,—,-20.67,-9.25,-18.77,-28.12,-21.67,0.85,-13.25,-24.59,5.47,44.29
5120,EPS GR 10Y avg,—,-10.55,-11.27,-21.74,-12.93,6.31,—,—,—,—,—
5120,OCF GR,—,-44.79,4.25,-0.70,-10.45,47.22,39.66,-48.75,1.59,21.13,-8.86
5120,FCF GR,—,-44.79,4.25,-0.70,-10.45,47.22,39.66,-48.75,1.59,21.13,-8.86
5120,D/E,0.85,0.85,0.53,0.82,0.75,0.79,0.74,0.43,0.50,0.40,0.26
5120,Price,0.4250,0.4250,0.4050,0.5350,0.6000,0.8100,0.7500,0.9350,0.9750,1.0800,1.1900
5121,Year End,TTM,2020-12,2019-12,2018-12,2017-12,2016-12,2015-12,2014-12,2013-12,2012-12,2011-12
5121,Revenue,107,111,137,135,126,125,126,122,120,103,95
5121,NP,-24,-24,11,33,33,43,5,50,59,58,87
5121,EPS,-0.05,-0.05,0.02,0.07,0.08,0.11,0.01,0.12,0.14,0.17,0.26
5121,DPS,—,0.02,0.08,0.10,0.09,0.10,0.10,0.10,0.10,0.10,0.10
5121,Div Payout,—,—,116.6,84.9,142.1,—,82.0,71.7,48.2,61.3,86.6
5121,Shares,462,462,462,462,418,410,410,410,410,348,338
5121,BVPS,1.25,1.33,1.38,1.39,1.38,1.43,1.52,1.50,1.46,1.37,1.22
5121,OCF,17,38,67,84,77,50,69,62,65,63,32
5121,FCF,17,38,67,84,77,50,69,62,65,63,32
5121,NP Margin,-22.75,-21.45,8.35,24.52,26.04,34.65,3.79,41.30,48.88,56.64,91.33
5121,ROE,-4.11,-4.02,1.84,5.16,5.30,7.38,0.79,8.16,9.71,10.91,19.33
5121,Revenue GR,-12.81,-18.93,1.47,7.62,0.78,-0.75,2.89,1.46,16.47,8.80,4.41
5121,Revenue GR 3Y avg,—,-3.98,3.24,2.49,0.96,1.19,6.73,8.74,9.78,5.58,4.11
5121,Revenue GR 5Y avg,—,-2.40,2.36,2.36,3.99,5.60,6.67,6.82,7.41,—,—
5121,Revenue GR 10Y avg,—,2.03,4.57,4.86,—,—,—,—,—,—,—
5121,NP GR,—,—,-35.76,90.94,-13.43,-9.78,-56.66,-16.53,14.47,16.33,12.81
5121,NP GR 3Y avg,—,—,-25.66,-10.83,-10.98,-13.01,-34.40,6.29,-0.53,—,—
5121,NP GR 5Y avg,—,—,-11.11,-5.82,—,—,—,—,—,—,—
5121,NP GR 10Y avg,0.0,0.0,0.0,0.0,0.0,0.0,0.0,0.0,0.0,0.0,0.0
5121,EPS GR,-7.84,—,-65.41,-8.31,-25.77,805.04,-90.54,-14.25,-14.66,-34.45,121.14
5121,EPS GR 3Y avg,—,—,-38.25,83.31,-14.02,-9.79,-58.94,-21.72,7.35,15.21,12.81
5121,EPS GR 5Y avg,—,—,-27.41,-12.96,-14.20,-16.31,-36.86,2.28,-4.29,—,—
5121,EPS GR 10Y avg,—,—,-13.84,-8.73,—,—,—,—,—,—,—
5121,OCF GR,—,-43.59,-20.37,8.70,54.56,-27.40,9.68,-3.73,3.05,94.02,-17.45
5121,FCF GR,—,-43.59,-20.31,8.76,54.36,-27.40,9.68,-3.73,3.05,94.02,-17.45
5121,D/E,0.98,0.93,0.90,0.86,0.84,0.84,0.82,0.73,0.71,0.48,0.77
5121,Price,0.6000,0.6300,0.9900,1.1100,1.3000,1.5600,1.5200,1.4900,1.5000,1.4600,1.3200
5123,Year End,TTM,2019-12,2018-12,2017-12,2016-12,2015-12,2014-12,2013-12,2012-12,2011-12,2010-12
5123,Revenue,165,161,173,182,137,115,70,69,69,70,69
5123,NP,36,29,73,70,63,61,40,37,40,39,54
5123,EPS,0.03,0.03,0.07,0.07,0.09,0.10,0.10,0.09,0.10,0.10,0.14
5123,DPS,0.07,0.07,0.08,0.04,—,0.02,—,—,—,0.08,0.08
5123,Div Payout,202.3,126.8,131.1,48.1,1.5,19.4,1.9,2.0,1.9,59.6,—
5123,Shares,"1,072","1,072","1,071","1,068",672,596,390,390,390,390,390
5123,BVPS,1.22,1.26,1.27,1.29,0.83,1.34,1.35,1.34,1.36,1.28,—
5123,OCF,112,110,106,128,106,87,44,49,40,50,49
5123,FCF,112,110,105,128,106,87,44,49,40,50,49
5123,NP Margin,21.77,18.09,42.39,38.52,45.94,52.70,57.34,53.16,57.67,56.19,78.24
5123,ROE,2.71,2.16,5.31,5.09,5.55,8.40,7.50,6.90,7.75,7.87,11.15
5123,Revenue GR,0.99,-6.69,-4.94,32.82,18.64,63.95,1.90,-0.80,-1.10,1.40,—
5123,Revenue GR 3Y avg,—,5.62,14.42,37.22,25.62,18.34,-0.01,-0.17,1.03,—,—
5123,Revenue GR 5Y avg,—,18.04,20.14,21.17,14.23,10.69,0.84,—,—,111.42,—
5123,Revenue GR 10Y avg,—,9.10,—,—,55.40,—,—,—,—,—,—
5123,NP GR,—,-22.59,6.41,20.17,19.65,14.84,0.67,-12.24,6.57,7.01,—
5123,NP GR 3Y avg,—,-6.28,14.82,11.77,9.72,2.28,4.00,2.61,-12.10,101.84,—
5123,NP GR 5Y avg,—,-1.27,8.54,-0.88,48.81,—,—,—,—,—,—
5123,NP GR 10Y avg,0.0,0.0,0.0,0.0,0.0,0.0,0.0,0.0,0.0,0.0,0.0
5123,EPS GR,-184.85,-60.18,4.27,-29.80,-8.35,-1.45,10.01,-6.10,—,-23.08,—
5123,EPS GR 3Y avg,—,-33.69,-12.46,-14.09,-0.21,0.60,1.09,-10.28,7.72,7.72,—
5123,EPS GR 5Y avg,—,-23.42,-6.17,-8.11,-1.38,-4.77,5.25,3.26,-17.40,82.06,—
5123,EPS GR 10Y avg,—,-10.23,-1.57,-12.88,34.00,—,—,—,—,—,—
5123,OCF GR,—,4.19,-17.49,21.02,21.73,96.13,-8.81,20.86,-19.25,1.75,—
5123,FCF GR,—,4.27,-17.68,21.06,22.00,95.67,-8.84,20.93,-19.07,1.47,—
5123,D/E,0.35,0.38,0.62,0.53,0.49,0.55,0.56,0.57,0.36,—,0.38
5123,Price,0.9050,0.8750,1.0000,1.0600,1.2500,1.2000,1.0800,1.1700,1.1800,1.2300,1.0800
5125,Year End,TTM,2020-02,2019-02,2018-02,2017-02,2016-02,2015-02,2014-02,2013-02,2012-02,2011-02
5125,Revenue,494,603,609,615,479,513,526,576,636,435,336
5125,NP,21,36,47,47,30,38,43,55,56,34,29
5125,EPS,0.03,0.05,0.06,0.06,0.04,0.05,0.06,0.07,0.07,0.05,0.05
5125,DPS,0.01,0.02,0.01,0.02,0.02,0.02,0.03,0.04,0.02,0.02,0.01
5125,Div Payout,46.0,38.4,23.5,22.9,59.7,42.0,53.8,56.3,14.6,37.2,—
5125,Shares,754,761,766,791,799,747,778,788,739,715,587
5125,BVPS,0.88,0.80,0.76,0.72,0.68,0.66,0.62,0.59,0.58,0.60,—
5125,OCF,113,136,-26,9,61,101,16,96,12,15,37
5125,FCF,101,121,-60,1,28,82,—,69,-27,-4,-6
5125,NP Margin,4.31,5.97,7.79,7.67,6.20,7.40,8.21,9.49,8.82,7.88,8.63
5125,ROE,3.36,5.78,8.33,8.74,5.75,7.78,9.66,13.61,15.70,10.46,10.54
5125,Revenue GR,-19.62,-1.10,-0.90,28.25,-6.61,-2.37,-8.66,-9.45,46.26,29.43,—
5125,Revenue GR 3Y avg,—,7.92,5.88,5.35,-5.92,-6.88,6.55,19.68,16.54,-5.29,—
5125,Revenue GR 5Y avg,—,2.76,1.14,-0.67,1.98,8.86,5.54,2.39,15.20,36.84,—
5125,Revenue GR 10Y avg,—,4.14,1.76,6.97,18.13,—,—,—,—,—,—
5125,NP GR,—,6.60,7.72,2.98,-18.37,-12.18,8.02,23.52,3.29,-17.72,—
5125,NP GR 3Y avg,—,-3.56,-2.78,-3.41,-2.79,5.54,-3.24,-2.33,10.43,5.05,—
5125,NP GR 5Y avg,—,-3.40,-2.55,3.28,1.05,—,—,—,—,—,—
5125,NP GR 10Y avg,0.0,0.0,0.0,0.0,0.0,0.0,0.0,0.0,0.0,0.0,0.0
5125,EPS GR,-13.11,-23.61,3.95,60.42,-26.27,-8.14,-19.70,-7.18,55.50,-3.86,—
5125,EPS GR 3Y avg,—,8.40,7.13,2.80,-18.37,-11.86,5.04,11.54,-6.75,-24.42,—
5125,EPS GR 5Y avg,—,-2.91,-1.93,-4.13,-4.73,0.47,-9.58,-9.02,3.91,-23.02,—
5125,EPS GR 10Y avg,—,-6.30,-5.55,-0.19,-14.36,—,—,—,—,—,—
5125,OCF GR,—,—,—,-85.20,-40.19,515.80,-82.90,714.63,-19.33,-60.91,—
5125,FCF GR,—,—,—,-95.92,-66.12,—,—,—,—,—,—
5125,D/E,0.08,0.09,0.08,0.07,0.09,0.08,0.13,0.15,0.20,0.15,0.18
5125,Price,0.4550,0.4550,0.4700,0.4700,0.5400,0.6000,0.4700,0.5900,0.7700,0.9050,0.7200
5126,Year End,TTM,2020-12,2019-12,2018-12,2017-12,2016-12,2015-12,2014-12,2013-12,2012-12,2011-12
5126,Revenue,"3,049","2,779","2,972","3,604","4,913","4,416","3,671","2,875","1,711","1,315","1,167"
5126,NP,212,204,89,63,239,132,88,115,92,157,242
5126,EPS,0.37,0.36,0.16,0.11,0.41,0.28,0.19,0.25,0.20,0.34,0.52
5126,DPS,0.05,0.05,0.05,0.06,0.05,0.05,0.05,0.05,0.06,0.05,0.04
5126,Div Payout,13.5,12.3,58.1,33.5,12.2,15.4,42.0,16.4,31.7,14.1,8.6
5126,Shares,572,571,571,571,571,472,467,469,468,468,469
5126,BVPS,4.30,4.13,3.77,3.74,3.58,2.59,2.89,2.83,2.59,2.95,2.12
5126,OCF,348,404,444,378,-136,256,-91,90,169,99,294
5126,FCF,235,302,356,279,-182,200,-190,-55,47,-66,121
5126,NP Margin,6.95,7.35,3.01,1.73,4.86,2.99,2.41,4.01,5.36,11.92,20.75
5126,ROE,8.96,8.91,4.12,2.95,12.02,8.06,6.47,9.01,7.07,12.15,22.10
5126,Revenue GR,52.16,-6.50,-17.54,-26.65,11.26,20.30,27.69,67.97,30.15,12.68,60.26
5126,Revenue GR 3Y avg,—,-17.30,-12.37,-0.61,19.56,37.16,40.80,35.06,32.96,35.10,19.52
5126,Revenue GR 5Y avg,—,-5.42,0.67,16.06,30.17,30.50,38.20,40.06,20.15,24.51,39.43
5126,Revenue GR 10Y avg,—,14.33,18.74,18.09,27.30,34.89,—,—,—,—,—
5126,NP GR,—,-5.09,-12.21,-10.93,27.42,12.92,-17.37,-21.89,-15.38,16.22,19.88
5126,NP GR 3Y avg,—,18.20,-4.97,-7.40,8.78,-11.40,-10.21,2.93,-8.17,7.48,47.42
5126,NP GR 5Y avg,—,3.03,-1.10,-7.78,8.13,14.28,—,—,—,—,—
5126,NP GR 10Y avg,0.0,0.0,0.0,0.0,0.0,0.0,0.0,0.0,0.0,0.0,0.0
5126,EPS GR,10.43,128.08,43.11,-73.80,49.14,48.03,-23.12,25.80,-41.69,-35.05,58.01
5126,EPS GR 3Y avg,—,-5.08,-17.61,-16.68,19.29,12.71,-17.38,-21.90,-15.73,15.70,15.05
5126,EPS GR 5Y avg,—,13.56,-8.64,-10.97,4.48,-11.52,-10.36,2.58,-10.42,0.91,36.80
5126,EPS GR 10Y avg,—,0.89,-3.19,-10.70,2.68,10.01,—,—,—,—,—
5126,OCF GR,—,-8.94,17.60,—,—,—,—,-46.85,69.96,-66.22,39.10
5126,FCF GR,—,-15.17,27.60,—,—,—,—,—,—,—,16.69
5126,D/E,0.28,0.30,0.36,0.35,0.38,0.15,0.29,0.36,0.42,0.31,0.29
5126,Price,3.9800,4.0000,4.1000,2.1000,3.9000,3.6800,4.3800,5.1600,6.5100,5.7600,3.8700
5127,Year End,TTM,2020-12,2019-12,2018-12,2017-12,2016-12,2015-12,2014-12,2013-12,2012-12,2011-12
5127,Revenue,91,92,97,97,61,58,62,57,67,67,65
5127,NP,-7,-7,35,81,74,41,60,107,24,47,74
5127,EPS,-0.01,-0.01,0.06,0.14,0.13,0.07,0.10,0.19,0.04,0.08,0.13
5127,DPS,0.05,0.03,0.06,0.06,0.06,0.06,0.06,—,—,—,0.07
5127,Div Payout,—,101.0,276.2,23.7,82.9,60.4,28.5,9.0,1.9,1.5,118.8
5127,Shares,573,573,573,573,573,573,573,573,573,573,573
5127,BVPS,1.32,1.35,1.36,1.39,1.20,1.19,1.15,1.04,1.06,1.06,1.09
5127,OCF,34,54,68,75,43,54,48,88,55,64,55
5127,FCF,34,54,68,75,43,54,48,88,55,64,55
5127,NP Margin,-7.88,-8.04,36.64,83.55,121.66,70.34,96.36,187.59,36.19,70.07,112.81
5127,ROE,-0.93,-0.97,4.57,10.81,10.50,5.93,8.91,17.22,4.06,7.76,12.60
5127,Revenue GR,-5.25,-5.03,-0.38,59.32,5.90,-6.95,8.33,-14.67,0.13,2.46,9.74
5127,Revenue GR 3Y avg,—,14.66,18.90,16.23,2.20,-4.90,-2.54,-4.34,4.03,12.88,12.75
5127,Revenue GR 5Y avg,—,8.24,11.12,7.73,-1.82,-2.47,0.80,4.21,8.02,—,—
5127,Revenue GR 10Y avg,—,4.45,7.61,7.88,—,—,—,—,—,—,—
5127,NP GR,—,—,-4.33,10.83,-11.53,18.68,8.38,13.33,-16.33,14.94,3.18
5127,NP GR 3Y avg,—,—,-19.84,27.36,9.63,-11.26,7.59,28.28,-18.41,—,—
5127,NP GR 5Y avg,—,—,1.40,1.94,—,—,—,—,—,—,—
5127,NP GR 10Y avg,0.0,0.0,0.0,0.0,0.0,0.0,0.0,0.0,0.0,0.0,0.0
5127,EPS GR,2.83,—,-56.31,9.42,83.15,-32.07,-44.35,342.32,-48.23,-36.43,62.77
5127,EPS GR 3Y avg,—,—,-4.34,10.83,-11.53,18.69,8.42,13.33,-18.78,4.52,-6.13
5127,EPS GR 5Y avg,—,—,-19.84,27.36,9.66,-11.26,5.69,21.20,-22.91,—,—
5127,EPS GR 10Y avg,—,—,-1.44,-0.92,—,—,—,—,—,—,—
5127,OCF GR,—,-20.97,-8.65,72.70,-19.33,12.14,-45.42,57.81,-13.32,16.13,-5.07
5127,FCF GR,—,-20.97,-8.65,72.70,-19.33,12.14,-45.42,57.81,-13.32,16.13,-5.07
5127,D/E,0.81,0.82,0.62,0.86,1.01,0.42,0.53,—,0.62,0.60,0.60
5127,Price,0.6800,0.6600,0.7400,0.8200,0.9100,0.9200,0.8650,0.8300,1.0000,0.9200,0.9000
5129,Year End,TTM,2020-08,2019-08,2018-08,2017-08,2016-08,2015-08,2014-08,2013-08,2012-08,2011-08
5129,Revenue,157,254,218,288,168,104,179,323,226,126,87
5129,NP,1,2,2,2,2,30,8,19,12,7,6
5129,EPS,0.01,0.02,0.02,0.01,0.02,0.25,0.07,0.16,0.10,0.06,0.05
5129,DPS,0.01,0.01,0.01,0.01,0.02,0.02,0.03,0.03,0.01,0.01,0.01
5129,Div Payout,89.3,56.5,33.9,50.8,14.2,10.8,41.5,12.9,16.5,29.5,54.9
5129,Shares,118,119,119,119,119,119,120,120,120,120,120
5129,BVPS,1.82,1.78,1.77,1.76,1.75,1.64,1.50,1.46,1.29,1.22,1.16
5129,OCF,-48,69,-24,-27,9,—,22,20,2,-17,15
5129,FCF,-48,69,-24,-27,9,—,21,20,1,-17,14
5129,NP Margin,0.83,0.88,1.15,0.84,1.44,29.05,4.36,5.98,5.44,5.69,7.05
5129,ROE,0.62,1.06,1.18,1.15,1.16,15.42,4.35,11.42,7.89,4.84,4.29
5129,Revenue GR,-76.34,16.57,-24.30,71.29,61.80,-41.92,-44.66,42.84,79.85,45.34,-38.87
5129,Revenue GR 3Y avg,—,14.76,28.01,17.20,-19.58,-22.86,12.44,55.13,16.91,-10.95,-25.41
5129,Revenue GR 5Y avg,—,7.27,-7.58,4.94,5.96,3.71,4.78,12.65,1.64,-6.18,-4.55
5129,Revenue GR 10Y avg,—,6.02,2.04,3.28,-0.29,-0.50,—,—,—,—,—
5129,NP GR,—,-2.58,-56.42,-32.38,-49.93,34.85,2.93,46.87,31.03,-17.38,-31.39
5129,NP GR 3Y avg,—,-22.07,-33.58,-27.81,-19.46,37.67,7.37,8.78,-8.21,-24.68,-19.74
5129,NP GR 5Y avg,—,-8.53,-15.00,-18.60,-22.11,5.12,—,—,—,—,—
5129,NP GR 10Y avg,0.0,0.0,0.0,0.0,0.0,0.0,0.0,0.0,0.0,0.0,0.0
5129,EPS GR,-59.02,-10.00,3.96,-0.49,-91.96,286.68,-59.54,57.16,72.03,17.34,11.61
5129,EPS GR 3Y avg,—,-2.35,-56.35,-32.37,-49.90,34.97,3.03,46.94,31.10,-17.35,-31.37
5129,EPS GR 5Y avg,—,-21.96,-33.49,-27.76,-19.41,37.77,7.45,8.82,-8.18,-31.68,-27.74
5129,EPS GR 10Y avg,—,-8.43,-14.93,-18.56,-25.80,-0.23,—,—,—,—,—
5129,OCF GR,—,—,—,—,—,-98.59,10.52,—,—,—,-73.57
5129,FCF GR,—,—,—,—,—,-99.61,8.12,—,—,—,-74.34
5129,D/E,—,—,—,0.01,0.01,0.01,—,0.03,0.12,0.19,0.01
5129,Price,0.5300,0.3850,0.4350,0.6200,0.8300,0.7650,0.9800,1.3900,1.0100,0.6200,0.7500
