code,detail,TTM,Y1,Y2,Y3,Y4,Y5,Y6,Y7,Y8,Y9,Y10
0198,Year End,TTM,2020-12,2019-12,2018-12,2017-12,2016-12,2015-12,2014-12,2013-12,2012-12,2011-12
0198,Revenue,374,363,323,275,297,277,170,87,—,—,—
0198,NP,29,26,29,28,23,14,5,2,—,—,—
0198,EPS,0.03,0.03,0.03,0.03,0.03,0.02,0.01,—,—,—,—
0198,DPS,0.01,0.01,0.01,0.01,—,—,—,—,—,—,—
0198,Div Payout,43.5,49.8,47.4,—,—,—,—,—,—,—,—
0198,Shares,938,938,938,894,938,938,938,938,—,—,—
0198,BVPS,0.15,0.13,0.12,0.11,—,—,—,—,—,—,—
0198,OCF,-16,19,17,17,19,17,18,11,—,—,—
0198,FCF,-22,15,6,13,13,15,16,6,—,—,—
0198,NP Margin,7.69,7.08,9.03,10.16,7.59,5.14,2.97,2.65,—,—,—
0198,ROE,22.41,20.17,25.91,38.73,67.10,78.97,79.09,59.66,—,—,—
0198,Revenue GR,11.23,12.41,17.56,-7.50,7.19,63.33,95.71,—,—,—,—
0198,Revenue GR 3Y avg,—,6.92,5.24,17.43,50.76,—,—,—,—,—,—
0198,Revenue GR 5Y avg,—,16.43,30.09,—,—,—,—,—,—,—,—
0198,Revenue GR 10Y avg,—,—,—,—,—,—,—,—,—,—,—
0198,NP GR,—,4.49,26.93,76.99,114.11,—,—,—,—,—,—
0198,NP GR 3Y avg,—,38.56,66.25,—,—,—,—,—,—,—,—
0198,NP GR 5Y avg,—,—,—,—,—,—,—,—,—,—,—
0198,NP GR 10Y avg,0.0,0.0,0.0,0.0,0.0,0.0,0.0,0.0,0.0,0.0,0.0
0198,EPS GR,53.27,-11.80,-0.43,4.00,97.45,126.54,119.27,—,—,—,—
0198,EPS GR 3Y avg,—,-2.98,26.92,66.94,114.06,—,—,—,—,—,—
0198,EPS GR 5Y avg,—,32.51,58.98,—,—,—,—,—,—,—,—
0198,EPS GR 10Y avg,—,—,—,—,—,—,—,—,—,—,—
0198,OCF GR,—,8.26,2.87,-10.51,8.45,-3.51,67.17,—,—,—,—
0198,FCF GR,—,135.58,-53.44,-0.22,-8.96,-7.47,147.54,—,—,—,—
0198,D/E,—,—,—,—,—,0.07,0.13,0.67,—,—,—
0198,Price,0.8400,0.9350,0.6150,0.2300,0.0000,0.0000,0.0,0.0,0.0,0.0,0.0
0199,Year End,TTM,2020-12,2019-12,2018-12,2017-12,2016-12,2015-12,2014-12,2013-12,2012-12,2011-12
0199,Revenue,95,83,82,86,86,71,79,—,—,—,—
0199,NP,5,6,3,4,6,5,3,—,—,—,—
0199,EPS,0.03,0.03,0.02,0.02,0.05,0.03,0.02,—,—,—,—
0199,DPS,0.01,0.01,0.01,0.01,—,—,—,—,—,—,—
0199,Div Payout,31.1,16.4,73.5,—,—,—,—,—,—,—,—
0199,Shares,166,166,166,150,123,166,166,—,—,—,—
0199,BVPS,0.47,0.46,0.43,0.42,—,—,—,—,—,—,—
0199,OCF,9,9,3,5,3,9,8,—,—,—,—
0199,FCF,-7,-11,—,3,1,-4,7,—,—,—,—
0199,NP Margin,5.57,6.64,3.12,4.28,7.01,6.54,4.14,—,—,—,—
0199,ROE,7.00,7.49,3.59,5.40,12.75,16.15,11.22,—,—,—,—
0199,Revenue GR,57.11,1.99,-4.42,0.09,19.79,-9.29,—,—,—,—,—
0199,Revenue GR 3Y avg,—,-0.81,4.65,2.84,—,—,—,—,—,—,—
0199,Revenue GR 5Y avg,—,1.18,—,—,—,—,—,—,—,—,—
0199,Revenue GR 10Y avg,—,—,—,—,—,—,—,—,—,—,—
0199,NP GR,—,-2.62,-18.19,3.97,—,—,—,—,—,—,—
0199,NP GR 3Y avg,—,11.19,—,—,—,—,—,—,—,—,—
0199,NP GR 5Y avg,—,—,—,—,—,—,—,—,—,—,—
0199,NP GR 10Y avg,0.0,0.0,0.0,0.0,0.0,0.0,0.0,0.0,0.0,0.0,0.0
0199,EPS GR,-10.57,116.88,-36.89,-32.41,28.47,43.37,—,—,—,—,—
0199,EPS GR 3Y avg,—,-2.56,-18.17,7.58,—,—,—,—,—,—,—
0199,EPS GR 5Y avg,—,11.25,—,—,—,—,—,—,—,—,—
0199,EPS GR 10Y avg,—,—,—,—,—,—,—,—,—,—,—
0199,OCF GR,—,220.73,-46.38,71.87,-67.99,12.55,—,—,—,—,—
0199,FCF GR,—,—,-83.96,108.14,—,—,—,—,—,—,—
0199,D/E,0.35,0.34,0.28,0.27,0.20,0.49,0.33,—,—,—,—
0199,Price,0.5050,0.4850,0.3500,0.3500,0.0000, - ,0.0,0.0,0.0,0.0,0.0
0201,Year End,TTM,2020-06,2019-06,2018-06,2017-06,2016-06,2015-06,2014-06,2013-06,2012-06,2011-06
0201,Revenue,40,34,30,25,25,24,23,—,—,—,—
0201,NP,15,13,11,8,14,14,12,—,—,—,—
0201,EPS,0.05,0.04,0.03,0.03,0.04,0.04,0.04,—,—,—,—
0201,DPS,0.01,0.01,0.02,—,—,—,—,—,—,—,—
0201,Div Payout,31.2,28.3,638.8,—,—,—,—,—,—,—,—
0201,Shares,318,318,313,318,318,318,318,—,—,—,—
0201,BVPS,0.28,0.26,0.23,—,—,—,—,—,—,—,—
0201,OCF,9,10,12,7,11,15,12,—,—,—,—
0201,FCF,2,1,5,2,10,14,10,—,—,—,—
0201,NP Margin,37.78,37.95,36.85,32.81,55.86,55.77,53.74,—,—,—,—
0201,ROE,17.63,15.92,20.93,35.29,73.90,72.98,63.43,—,—,—,—
0201,Revenue GR,16.26,15.40,17.37,3.09,1.12,6.23,—,—,—,—,—
0201,Revenue GR 3Y avg,—,11.77,6.96,3.46,—,—,—,—,—,—,—
0201,Revenue GR 5Y avg,—,8.44,—,—,—,—,—,—,—,—,—
0201,Revenue GR 10Y avg,—,—,—,—,—,—,—,—,—,—,—
0201,NP GR,—,-1.74,-6.85,-12.24,—,—,—,—,—,—,—
0201,NP GR 3Y avg,—,1.16,—,—,—,—,—,—,—,—,—
0201,NP GR 5Y avg,—,—,—,—,—,—,—,—,—,—,—
0201,NP GR 10Y avg,0.0,0.0,0.0,0.0,0.0,0.0,0.0,0.0,0.0,0.0,0.0
0201,EPS GR,26.74,17.19,31.20,-38.35,1.28,10.24,—,—,—,—,—
0201,EPS GR 3Y avg,—,-1.77,-6.43,-11.71,—,—,—,—,—,—,—
0201,EPS GR 5Y avg,—,1.14,—,—,—,—,—,—,—,—,—
0201,EPS GR 10Y avg,—,—,—,—,—,—,—,—,—,—,—
0201,OCF GR,—,-22.67,73.55,-35.80,-26.06,23.75,—,—,—,—,—
0201,FCF GR,—,-86.58,102.60,-78.34,-29.00,38.40,—,—,—,—,—
0201,D/E,—,—,—,—,—,—,—,—,—,—,—
0201,Price,0.8800,0.6400,0.4400,0.0000,0.0000, - ,0.0,0.0,0.0,0.0,0.0
0205,Year End,TTM,2020-05,2019-05,2018-05,2017-05,2016-05,2015-05,2014-05,2013-05,2012-05,2011-05
0205,Revenue,55,42,49,50,49,47,—,—,—,—,—
0205,NP,11,6,6,15,9,7,—,—,—,—,—
0205,EPS,0.02,0.01,0.02,0.04,0.02,0.02,—,—,—,—,—
0205,DPS,0.01,0.01,—,—,—,—,—,—,—,—,—
0205,Div Payout,25.4,40.1,—,—,—,—,—,—,—,—,—
0205,Shares,487,487,410,360,487,487,—,—,—,—,—
0205,BVPS,0.16,0.15,0.14,—,—,—,—,—,—,—,—
0205,OCF,11,4,4,5,13,9,—,—,—,—,—
0205,FCF,10,3,1,5,13,9,—,—,—,—,—
0205,NP Margin,19.26,14.47,13.02,30.14,18.82,15.81,—,—,—,—,—
0205,ROE,13.81,8.39,9.51,34.11,35.75,27.93,—,—,—,—,—
0205,Revenue GR,40.44,-15.04,-2.32,1.89,5.19,—,—,—,—,—,—
0205,Revenue GR 3Y avg,—,-5.44,1.54,—,—,—,—,—,—,—,—
0205,Revenue GR 5Y avg,—,—,—,—,—,—,—,—,—,—,—
0205,Revenue GR 10Y avg,—,—,—,—,—,—,—,—,—,—,—
0205,NP GR,—,-13.36,-4.84,—,—,—,—,—,—,—,—
0205,NP GR 3Y avg,—,—,—,—,—,—,—,—,—,—,—
0205,NP GR 5Y avg,—,—,—,—,—,—,—,—,—,—,—
0205,NP GR 10Y avg,0.0,0.0,0.0,0.0,0.0,0.0,0.0,0.0,0.0,0.0,0.0
0205,EPS GR,161.54,-20.51,-49.91,63.22,25.18,—,—,—,—,—,—
0205,EPS GR 3Y avg,—,-13.38,0.77,—,—,—,—,—,—,—,—
0205,EPS GR 5Y avg,—,—,—,—,—,—,—,—,—,—,—
0205,EPS GR 10Y avg,—,—,—,—,—,—,—,—,—,—,—
0205,OCF GR,—,10.83,-28.26,-61.14,48.95,—,—,—,—,—,—
0205,FCF GR,—,292.73,-83.59,-61.10,48.23,—,—,—,—,—,—
0205,D/E,—,—,—,—,—,—,—,—,—,—,—
0205,Price,0.3450,0.1750,0.1700,0.0000, - , - ,0.0,0.0,0.0,0.0,0.0
0206,Year End,TTM,2020-12,2019-12,2018-12,2017-12,2016-12,2015-12,2014-12,2013-12,2012-12,2011-12
0206,Revenue,205,207,290,300,213,228,206,324,—,—,—
0206,NP,14,13,25,33,50,74,38,56,—,—,—
0206,EPS,0.01,0.02,0.03,0.05,0.08,0.10,0.05,0.07,—,—,—
0206,DPS,—,0.01,0.01,—,—,—,—,—,—,—,—
0206,Div Payout,—,34.0,14.8,—,—,—,—,—,—,—,—
0206,Shares,753,753,753,613,613,753,753,753,—,—,—
0206,BVPS,0.60,0.59,0.58,—,—,—,—,—,—,—,—
0206,OCF,25,28,74,50,-13,-7,12,-21,—,—,—
0206,FCF,25,27,72,45,-16,-9,12,-34,—,—,—
0206,NP Margin,6.60,6.04,8.73,10.86,23.42,32.32,18.31,17.15,—,—,—
0206,ROE,3.04,2.81,6.17,8.90,15.08,27.11,16.98,26.69,—,—,—
0206,Revenue GR,-2.61,-28.56,-3.49,41.21,-6.73,10.42,-36.32,—,—,—,—
0206,Revenue GR 3Y avg,—,-0.89,8.33,13.30,-13.12,—,—,—,—,—,—
0206,Revenue GR 5Y avg,—,0.05,-2.22,—,—,—,—,—,—,—,—
0206,Revenue GR 10Y avg,—,—,—,—,—,—,—,—,—,—,—
0206,NP GR,—,-36.89,-29.98,-4.80,-3.61,—,—,—,—,—,—
0206,NP GR 3Y avg,—,-19.84,-14.57,—,—,—,—,—,—,—,—
0206,NP GR 5Y avg,—,—,—,—,—,—,—,—,—,—,—
0206,NP GR 10Y avg,0.0,0.0,0.0,0.0,0.0,0.0,0.0,0.0,0.0,0.0,0.0
0206,EPS GR,26.92,-50.60,-22.37,-34.52,-32.41,94.82,-31.98,—,—,—,—
0206,EPS GR 3Y avg,—,-36.91,-29.96,-4.82,-3.61,—,—,—,—,—,—
0206,EPS GR 5Y avg,—,-19.85,-14.56,—,—,—,—,—,—,—,—
0206,EPS GR 10Y avg,—,—,—,—,—,—,—,—,—,—,—
0206,OCF GR,—,-62.47,47.38,—,—,—,—,—,—,—,—
0206,FCF GR,—,-62.73,58.76,—,—,—,—,—,—,—,—
0206,D/E,0.64,0.58,0.65,0.84,0.99,0.99,1.06,1.10,—,—,—
0206,Price,0.3000,0.3150,0.2850,0.0000,0.0000, - ,0.0,0.0,0.0,0.0,0.0
0207,Year End,TTM,2020-12,2019-12,2018-12,2017-12,2016-12,2015-12,2014-12,2013-12,2012-12,2011-12
0207,Revenue,57,57,69,64,61,44,41,—,—,—,—
0207,NP,7,6,2,9,9,5,2,—,—,—,—
0207,EPS,0.01,0.01,—,0.01,0.01,0.01,—,—,—,—,—
0207,DPS,—,—,—,—,—,—,—,—,—,—,—
0207,Div Payout,17.6,33.9,—,—,—,—,—,—,—,—,—
0207,Shares,819,790,543,790,790,790,790,—,—,—,—
0207,BVPS,0.10,0.08,0.08,—,—,—,—,—,—,—,—
0207,OCF,11,4,4,4,10,-1,4,—,—,—,—
0207,FCF,5,—,-4,2,-1,-4,-3,—,—,—,—
0207,NP Margin,11.97,10.84,3.28,14.61,14.05,11.90,5.37,—,—,—,—
0207,ROE,9.15,9.73,3.71,20.87,36.32,31.91,15.99,—,—,—,—
0207,Revenue GR,4.49,-17.89,8.32,4.83,36.90,9.46,—,—,—,—,—
0207,Revenue GR 3Y avg,—,-2.31,15.84,16.24,—,—,—,—,—,—,—
0207,Revenue GR 5Y avg,—,6.92,—,—,—,—,—,—,—,—,—
0207,Revenue GR 10Y avg,—,—,—,—,—,—,—,—,—,—,—
0207,NP GR,—,-10.41,-24.58,62.32,—,—,—,—,—,—,—
0207,NP GR 3Y avg,—,23.05,—,—,—,—,—,—,—,—,—
0207,NP GR 5Y avg,—,—,—,—,—,—,—,—,—,—,—
0207,NP GR 10Y avg,0.0,0.0,0.0,0.0,0.0,0.0,0.0,0.0,0.0,0.0,0.0
0207,EPS GR,70.00,85.71,-64.41,9.19,61.69,142.63,—,—,—,—,—
0207,EPS GR 3Y avg,—,-10.30,-14.35,62.41,—,—,—,—,—,—,—
0207,EPS GR 5Y avg,—,23.14,—,—,—,—,—,—,—,—,—
0207,EPS GR 10Y avg,—,—,—,—,—,—,—,—,—,—,—
0207,OCF GR,—,-7.53,-2.16,-61.17,—,—,—,—,—,—,—
0207,FCF GR,—,—,—,—,—,—,—,—,—,—,—
0207,D/E,0.06,0.12,0.15,0.25,0.60,0.53,0.34,—,—,—,—
0207,Price,0.2700,0.2200,0.1200,0.0000, - , - ,0.0,0.0,0.0,0.0,0.0
0209,Year End,TTM,2020-12,2019-12,2018-12,2017-12,2016-12,2015-12,2014-12,2013-12,2012-12,2011-12
0209,Revenue,74,67,78,68,60,43,44,—,—,—,—
0209,NP,5,8,8,11,8,5,4,—,—,—,—
0209,EPS,—,0.01,0.01,0.01,0.01,—,—,—,—,—,—
0209,DPS,—,—,—,—,—,—,—,—,—,—,—
0209,Div Payout,63.9,79.0,—,—,—,—,—,—,—,—,—
0209,Shares,"1,222","1,221",766,"1,223","1,226","1,221","1,221",—,—,—,—
0209,BVPS,0.06,0.06,0.05,—,—,—,—,—,—,—,—
0209,OCF,1,8,-1,14,3,6,3,—,—,—,—
0209,FCF,-1,7,-2,-6,2,5,2,—,—,—,—
0209,NP Margin,6.48,11.38,10.81,16.64,13.61,11.01,9.09,—,—,—,—
0209,ROE,6.87,11.16,13.43,30.71,56.30,32.44,29.85,—,—,—,—
0209,Revenue GR,45.65,-13.85,15.00,11.94,40.01,-2.26,—,—,—,—,—
0209,Revenue GR 3Y avg,—,3.51,21.70,15.28,—,—,—,—,—,—,—
0209,Revenue GR 5Y avg,—,8.70,—,—,—,—,—,—,—,—,—
0209,Revenue GR 10Y avg,—,—,—,—,—,—,—,—,—,—,—
0209,NP GR,—,-2.49,20.98,41.03,—,—,—,—,—,—,—
0209,NP GR 3Y avg,—,13.69,—,—,—,—,—,—,—,—,—
0209,NP GR 5Y avg,—,—,—,—,—,—,—,—,—,—,—
0209,NP GR 10Y avg,0.0,0.0,0.0,0.0,0.0,0.0,0.0,0.0,0.0,0.0,0.0
0209,EPS GR,-99.57,-43.64,19.57,37.31,72.40,18.38,—,—,—,—,—
0209,EPS GR 3Y avg,—,-2.55,41.45,40.98,—,—,—,—,—,—,—
0209,EPS GR 5Y avg,—,13.56,—,—,—,—,—,—,—,—,—
0209,EPS GR 10Y avg,—,—,—,—,—,—,—,—,—,—,—
0209,OCF GR,—,—,—,386.49,-50.35,107.10,—,—,—,—,—
0209,FCF GR,—,—,—,—,-51.88,191.95,—,—,—,—,—
0209,D/E,—,—,0.02,0.19,0.39,0.37,0.47,—,—,—,—
0209,Price,0.2450,0.2150,0.2450,0.0000, - , - ,0.0,0.0,0.0,0.0,0.0
0210,Year End,TTM,2020-12,2019-12,2018-12,2017-12,2016-12,2015-12,2014-12,2013-12,2012-12,2011-12
0210,Revenue,82,80,101,98,93,85,77,—,—,—,—
0210,NP,6,5,9,11,12,12,8,—,—,—,—
0210,EPS,0.02,0.01,0.03,0.04,0.09,0.09,0.06,—,—,—,—
0210,DPS,0.01,0.01,0.01,—,—,—,—,—,—,—,—
0210,Div Payout,65.3,52.1,6.4,—,—,—,—,—,—,—,—
0210,Shares,380,380,342,304,304,133,133,—,—,—,—
0210,BVPS,0.21,0.20,0.19,—,—,—,—,—,—,—,—
0210,OCF,14,10,16,6,12,13,10,—,—,—,—
0210,FCF,9,5,13,4,8,12,8,—,—,—,—
0210,NP Margin,7.11,6.65,9.29,11.38,12.39,14.42,10.65,—,—,—,—
0210,ROE,7.44,6.97,13.12,17.13,19.16,23.33,17.71,—,—,—,—
0210,Revenue GR,7.35,-20.68,3.77,4.69,9.96,10.16,—,—,—,—,—
0210,Revenue GR 3Y avg,—,-4.84,6.11,8.24,—,—,—,—,—,—,—
0210,Revenue GR 5Y avg,—,0.86,—,—,—,—,—,—,—,—,—
0210,Revenue GR 10Y avg,—,—,—,—,—,—,—,—,—,—,—
0210,NP GR,—,-22.66,-8.35,10.64,—,—,—,—,—,—,—
0210,NP GR 3Y avg,—,-8.20,—,—,—,—,—,—,—,—,—
0210,NP GR 5Y avg,—,—,—,—,—,—,—,—,—,—,—
0210,NP GR 10Y avg,0.0,0.0,0.0,0.0,0.0,0.0,0.0,0.0,0.0,0.0,0.0
0210,EPS GR,35.29,-48.91,-66.97,-3.88,-5.51,49.12,—,—,—,—,—
0210,EPS GR 3Y avg,—,-45.46,-33.05,10.64,—,—,—,—,—,—,—
0210,EPS GR 5Y avg,—,-25.56,—,—,—,—,—,—,—,—,—
0210,EPS GR 10Y avg,—,—,—,—,—,—,—,—,—,—,—
0210,OCF GR,—,-38.49,149.45,-48.50,-4.91,25.22,—,—,—,—,—
0210,FCF GR,—,-60.71,183.35,-44.50,-34.13,52.15,—,—,—,—,—
0210,D/E,0.19,0.22,0.24,—,—,—,0.06,—,—,—,—
0210,Price,0.2500,0.2700,0.2750,0.0000, - , - ,0.0,0.0,0.0,0.0,0.0
0211,Year End,TTM,2020-12,2019-12,2018-12,2017-12,2016-12,2015-12,2014-12,2013-12,2012-12,2011-12
0211,Revenue,273,239,238,261,258,215,212,—,—,—,—
0211,NP,21,9,—,11,16,12,4,—,—,—,—
0211,EPS,0.06,0.03,—,0.04,0.04,0.03,0.01,—,—,—,—
0211,DPS,—,—,—,—,—,—,—,—,—,—,—
0211,Div Payout,—,—,—,—,—,—,—,—,—,—,—
0211,Shares,349,349,333,290,349,349,349,—,—,—,—
0211,BVPS,0.60,0.55,0.55,—,—,—,—,—,—,—,—
0211,OCF,3,18,-25,27,15,28,-6,—,—,—,—
0211,FCF,1,16,-26,26,14,26,-7,—,—,—,—
0211,NP Margin,7.61,3.88,0.17,4.33,6.10,5.67,1.96,—,—,—,—
0211,ROE,10.43,4.81,0.21,6.76,12.06,11.01,3.94,—,—,—,—
0211,Revenue GR,55.20,0.41,-8.58,1.10,20.01,1.16,—,—,—,—,—
0211,Revenue GR 3Y avg,—,-2.46,3.51,7.07,—,—,—,—,—,—,—
0211,Revenue GR 5Y avg,—,2.41,—,—,—,—,—,—,—,—,—
0211,Revenue GR 10Y avg,—,—,—,—,—,—,—,—,—,—,—
0211,NP GR,—,-16.14,-68.02,39.44,—,—,—,—,—,—,—
0211,NP GR 3Y avg,—,17.37,—,—,—,—,—,—,—,—,—
0211,NP GR 5Y avg,—,—,—,—,—,—,—,—,—,—,—
0211,NP GR 10Y avg,0.0,0.0,0.0,0.0,0.0,0.0,0.0,0.0,0.0,0.0,0.0
0211,EPS GR,—,—,-96.28,-28.22,28.94,193.28,—,—,—,—,—
0211,EPS GR 3Y avg,—,-16.08,-67.48,39.49,—,—,—,—,—,—,—
0211,EPS GR 5Y avg,—,17.45,—,—,—,—,—,—,—,—,—
0211,EPS GR 10Y avg,—,—,—,—,—,—,—,—,—,—,—
0211,OCF GR,—,—,—,80.09,-45.10,—,—,—,—,—,—
0211,FCF GR,—,—,—,88.27,-47.10,—,—,—,—,—,—
0211,D/E,—,—,—,—,—,0.01,0.03,—,—,—,—
0211,Price,0.4250,0.4150,0.2850,0.0000, - , - ,0.0,0.0,0.0,0.0,0.0
0213,Year End,TTM,2020-06,2019-06,2018-06,2017-06,2016-06,2015-06,2014-06,2013-06,2012-06,2011-06
0213,Revenue,182,166,190,187,187,127,—,—,—,—,—
0213,NP,32,30,33,48,23,16,—,—,—,—,—
0213,EPS,0.05,0.05,11.03,0.07,0.03,0.02,—,—,—,—,—
0213,DPS,0.03,0.03,—,—,—,—,—,—,—,—,—
0213,Div Payout,57.6,16.0,—,—,—,—,—,—,—,—,—
0213,Shares,682,651,3,682,682,682,—,—,—,—,—
0213,BVPS,0.29,0.28,—,—,—,—,—,—,—,—,—
0213,OCF,47,45,26,26,19,18,—,—,—,—,—
0213,FCF,46,41,25,24,12,16,—,—,—,—,—
0213,NP Margin,17.31,18.17,17.34,25.34,12.13,12.51,—,—,—,—,—
0213,ROE,16.27,21.60,37.42,70.89,47.25,41.73,—,—,—,—,—
0213,Revenue GR,4.52,-12.57,1.36,0.46,46.95,—,—,—,—,—,—
0213,Revenue GR 3Y avg,—,-3.80,14.38,—,—,—,—,—,—,—,—
0213,Revenue GR 5Y avg,—,—,—,—,—,—,—,—,—,—,—
0213,Revenue GR 10Y avg,—,—,—,—,—,—,—,—,—,—,—
0213,NP GR,—,10.08,27.52,—,—,—,—,—,—,—,—
0213,NP GR 3Y avg,—,—,—,—,—,—,—,—,—,—,—
0213,NP GR 5Y avg,—,—,—,—,—,—,—,—,—,—,—
0213,NP GR 10Y avg,0.0,0.0,0.0,0.0,0.0,0.0,0.0,0.0,0.0,0.0,0.0
0213,EPS GR,-34.45,-17.26,-13.30,109.92,42.42,—,—,—,—,—,—
0213,EPS GR 3Y avg,—,14.62,37.37,—,—,—,—,—,—,—,—
0213,EPS GR 5Y avg,—,—,—,—,—,—,—,—,—,—,—
0213,EPS GR 10Y avg,—,—,—,—,—,—,—,—,—,—,—
0213,OCF GR,—,71.75,0.68,35.63,8.53,—,—,—,—,—,—
0213,FCF GR,—,63.54,5.46,95.32,-24.85,—,—,—,—,—,—
0213,D/E,—,—,0.06,0.09,0.31,0.51,—,—,—,—,—
0213,Price,0.7750,0.5100,0.0000,0.0000, - , - ,0.0,0.0,0.0,0.0,0.0
0215,Year End,TTM,2020-03,2019-03,2018-03,2017-03,2016-03,2015-03,2014-03,2013-03,2012-03,2011-03
0215,Revenue,212,253,112,45,39,35,—,—,—,—,—
0215,NP,14,16,11,8,6,4,—,—,—,—,—
0215,EPS,0.02,0.04,0.02,0.01,0.01,0.01,—,—,—,—,—
0215,DPS,0.01,—,—,—,—,—,—,—,—,—,—
0215,Div Payout,34.7,—,—,—,—,—,—,—,—,—,—
0215,Shares,634,374,586,586,586,586,—,—,—,—,—
0215,BVPS,0.20,0.13,—,—,—,—,—,—,—,—,—
0215,OCF,-2,9,10,3,8,-6,—,—,—,—,—
0215,FCF,-4,9,8,—,6,-9,—,—,—,—,—
0215,NP Margin,6.43,6.18,9.91,18.28,16.66,11.76,—,—,—,—,—
0215,ROE,13.51,21.30,25.63,50.10,70.59,68.27,—,—,—,—,—
0215,Revenue GR,13.03,125.87,148.95,15.53,10.55,—,—,—,—,—,—
0215,Revenue GR 3Y avg,—,86.60,47.05,—,—,—,—,—,—,—,—
0215,Revenue GR 5Y avg,—,—,—,—,—,—,—,—,—,—,—
0215,Revenue GR 10Y avg,—,—,—,—,—,—,—,—,—,—,—
0215,NP GR,—,34.08,38.91,—,—,—,—,—,—,—,—
0215,NP GR 3Y avg,—,—,—,—,—,—,—,—,—,—,—
0215,NP GR 5Y avg,—,—,—,—,—,—,—,—,—,—,—
0215,NP GR 10Y avg,0.0,0.0,0.0,0.0,0.0,0.0,0.0,0.0,0.0,0.0,0.0
0215,EPS GR,4.16,124.29,32.75,26.77,56.60,—,—,—,—,—,—
0215,EPS GR 3Y avg,—,55.70,38.13,—,—,—,—,—,—,—,—
0215,EPS GR 5Y avg,—,—,—,—,—,—,—,—,—,—,—
0215,EPS GR 10Y avg,—,—,—,—,—,—,—,—,—,—,—
0215,OCF GR,—,-13.59,295.78,-66.77,—,—,—,—,—,—,—
0215,FCF GR,—,3.60,—,-99.33,—,—,—,—,—,—,—
0215,D/E,0.07,0.08,0.10,0.38,0.68,1.53,—,—,—,—,—
0215,Price,1.5300,1.5300,0.7300,0.0000, - , - ,0.0,0.0,0.0,0.0,0.0
0216,Year End,TTM,2020-12,2019-12,2018-12,2017-12,2016-12,2015-12,2014-12,2013-12,2012-12,2011-12
0216,Revenue,54,54,61,50,48,41,36,—,—,—,—
0216,NP,6,7,8,6,8,7,7,—,—,—,—
0216,EPS,0.01,0.02,0.04,0.01,0.02,0.02,0.02,—,—,—,—
0216,DPS,—,—,0.01,—,—,—,—,—,—,—,—
0216,Div Payout,—,34.2,—,—,—,—,—,—,—,—,—
0216,Shares,416,416,185,416,416,416,416,—,—,—,—
0216,BVPS,0.18,0.17,0.10,—,—,—,—,—,—,—,—
0216,OCF,3,5,12,7,7,9,4,—,—,—,—
0216,FCF,-1,2,8,—,3,7,3,—,—,—,—
0216,NP Margin,10.64,11.95,13.13,12.36,16.28,18.10,19.75,—,—,—,—
0216,ROE,8.15,9.46,16.13,19.82,34.35,41.26,41.64,—,—,—,—
0216,Revenue GR,-3.19,-11.43,21.93,4.36,16.93,13.35,—,—,—,—,—
0216,Revenue GR 3Y avg,—,4.07,14.16,11.42,—,—,—,—,—,—,—
0216,Revenue GR 5Y avg,—,8.36,—,—,—,—,—,—,—,—,—
0216,Revenue GR 10Y avg,—,—,—,—,—,—,—,—,—,—,—
0216,NP GR,—,-6.13,2.58,-4.69,—,—,—,—,—,—,—
0216,NP GR 3Y avg,—,-2.00,—,—,—,—,—,—,—,—,—
0216,NP GR 5Y avg,—,—,—,—,—,—,—,—,—,—,—
0216,NP GR 10Y avg,0.0,0.0,0.0,0.0,0.0,0.0,0.0,0.0,0.0,0.0,0.0
0216,EPS GR,-38.78,-64.14,190.00,-20.67,5.16,3.90,—,—,—,—,—
0216,EPS GR 3Y avg,—,-6.21,34.24,-4.65,—,—,—,—,—,—,—
0216,EPS GR 5Y avg,—,-2.05,—,—,—,—,—,—,—,—,—
0216,EPS GR 10Y avg,—,—,—,—,—,—,—,—,—,—,—
0216,OCF GR,—,-57.23,70.90,3.51,-26.63,110.11,—,—,—,—,—
0216,FCF GR,—,-74.78,—,—,-57.69,156.34,—,—,—,—,—
0216,D/E,0.09,0.10,0.09,0.17,0.11,0.17,0.20,—,—,—,—
0216,Price,0.3400,0.3600,0.2600,0.0000, - , - ,0.0,0.0,0.0,0.0,0.0
0218,Year End,TTM,2019-02,2018-02,2017-02,2016-02,2015-02,2014-02,2013-02,2012-02,2011-02,2010-02
0218,Revenue,143,134,124,115,—,—,—,—,—,—,—
0218,NP,9,7,4,4,—,—,—,—,—,—,—
0218,EPS,0.01,0.02,0.01,0.01,—,—,—,—,—,—,—
0218,DPS,—,—,—,—,—,—,—,—,—,—,—
0218,Div Payout,—,—,—,—,—,—,—,—,—,—,—
0218,Shares,300,300,300,300,—,—,—,—,—,—,—
0218,BVPS,0.20,—,—,—,—,—,—,—,—,—,—
0218,OCF,6,5,2,—,—,—,—,—,—,—,—
0218,FCF,2,1,1,—,—,—,—,—,—,—,—
0218,NP Margin,6.27,5.11,3.49,3.35,—,—,—,—,—,—,—
0218,ROE,15.28,21.77,16.90,16.34,—,—,—,—,—,—,—
0218,Revenue GR,—,8.20,8.46,—,—,—,—,—,—,—,—
0218,Revenue GR 3Y avg,—,—,—,—,—,—,—,—,—,—,—
0218,Revenue GR 5Y avg,—,—,—,—,—,—,—,—,—,—,—
0218,Revenue GR 10Y avg,—,—,—,—,—,—,—,—,—,—,—
0218,NP GR,—,—,—,—,—,—,—,—,—,—,—
0218,NP GR 3Y avg,—,—,—,—,—,—,—,—,—,—,—
0218,NP GR 5Y avg,—,—,—,—,—,—,—,—,—,—,—
0218,NP GR 10Y avg,0.0,0.0,0.0,0.0,0.0,0.0,0.0,0.0,0.0,0.0,0.0
0218,EPS GR,—,59.03,12.50,—,—,—,—,—,—,—,—
0218,EPS GR 3Y avg,—,—,—,—,—,—,—,—,—,—,—
0218,EPS GR 5Y avg,—,—,—,—,—,—,—,—,—,—,—
0218,EPS GR 10Y avg,—,—,—,—,—,—,—,—,—,—,—
0218,OCF GR,—,129.16,335.76,—,—,—,—,—,—,—,—
0218,FCF GR,—,66.16,—,—,—,—,—,—,—,—,—
0218,D/E,0.11,0.26,0.22,0.18,—,—,—,—,—,—,—
0218,Price,0.3150,0.3150,0.0000,0.0000, - , - ,0.0,0.0,0.0,0.0,0.0
0219,Year End,TTM,2020-12,2019-12,2018-12,2017-12,2016-12,2015-12,2014-12,2013-12,2012-12,2011-12
0219,Revenue,77,88,80,45,21,10,—,—,—,—,—
0219,NP,9,12,10,3,1,-4,—,—,—,—,—
0219,EPS,0.03,0.05,0.03,0.01,—,-0.01,—,—,—,—,—
0219,DPS,0.01,0.01,—,—,—,—,—,—,—,—,—
0219,Div Payout,23.4,—,—,—,—,—,—,—,—,—,—
0219,Shares,285,254,285,285,285,285,—,—,—,—,—
0219,BVPS,0.22,0.20,—,—,—,—,—,—,—,—,—
0219,OCF,10,11,14,3,—,-3,—,—,—,—,—
0219,FCF,3,5,-4,2,-1,-4,—,—,—,—,—
0219,NP Margin,11.94,13.44,12.09,7.22,4.87,-38.36,—,—,—,—,—
0219,ROE,14.53,20.10,25.66,16.66,5.83,-21.70,—,—,—,—,—
0219,Revenue GR,—,9.36,77.49,116.01,117.95,—,—,—,—,—,—
0219,Revenue GR 3Y avg,—,61.25,102.92,—,—,—,—,—,—,—,—
0219,Revenue GR 5Y avg,—,—,—,—,—,—,—,—,—,—,—
0219,Revenue GR 10Y avg,—,—,—,—,—,—,—,—,—,—,—
0219,NP GR,—,126.21,—,—,—,—,—,—,—,—,—
0219,NP GR 3Y avg,—,—,—,—,—,—,—,—,—,—,—
0219,NP GR 5Y avg,—,—,—,—,—,—,—,—,—,—,—
0219,NP GR 10Y avg,0.0,0.0,0.0,0.0,0.0,0.0,0.0,0.0,0.0,0.0,0.0
0219,EPS GR,—,54.00,162.65,220.41,—,—,—,—,—,—,—
0219,EPS GR 3Y avg,—,134.89,—,—,—,—,—,—,—,—,—
0219,EPS GR 5Y avg,—,—,—,—,—,—,—,—,—,—,—
0219,EPS GR 10Y avg,—,—,—,—,—,—,—,—,—,—,—
0219,OCF GR,—,-16.83,306.53,—,—,—,—,—,—,—,—
0219,FCF GR,—,—,—,—,—,—,—,—,—,—,—
0219,D/E,0.11,0.12,0.18,0.17,0.21,0.29,—,—,—,—,—
0219,Price,0.6800,0.4800,0.0000, - , - , - ,0.0,0.0,0.0,0.0,0.0
0221,Year End,TTM,2020-12,2019-12,2018-12,2017-12,2016-12,2015-12,2014-12,2013-12,2012-12,2011-12
0221,Revenue,240,243,358,146,72,104,—,—,—,—,—
0221,NP,14,16,16,10,6,5,—,—,—,—,—
0221,EPS,0.04,0.05,0.04,0.03,0.02,0.01,—,—,—,—,—
0221,DPS,0.02,0.01,—,—,—,—,—,—,—,—,—
0221,Div Payout,49.2,—,—,—,—,—,—,—,—,—,—
0221,Shares,360,310,360,360,360,360,—,—,—,—,—
0221,BVPS,0.21,0.19,—,—,—,—,—,—,—,—,—
0221,OCF,15,20,25,-6,13,8,—,—,—,—,—
0221,FCF,13,19,21,-19,12,8,—,—,—,—,—
0221,NP Margin,5.88,6.66,4.37,6.62,8.62,4.91,—,—,—,—,—
0221,ROE,18.24,23.61,35.33,43.14,40.33,43.21,—,—,—,—,—
0221,Revenue GR,—,-32.30,145.05,103.95,-30.79,—,—,—,—,—,—
0221,Revenue GR 3Y avg,—,50.12,51.23,—,—,—,—,—,—,—,—
0221,Revenue GR 5Y avg,—,—,—,—,—,—,—,—,—,—,—
0221,Revenue GR 10Y avg,—,—,—,—,—,—,—,—,—,—,—
0221,NP GR,—,37.81,45.42,—,—,—,—,—,—,—,—
0221,NP GR 3Y avg,—,—,—,—,—,—,—,—,—,—,—
0221,NP GR 5Y avg,—,—,—,—,—,—,—,—,—,—,—
0221,NP GR 10Y avg,0.0,0.0,0.0,0.0,0.0,0.0,0.0,0.0,0.0,0.0,0.0
0221,EPS GR,—,20.02,61.60,56.79,21.37,—,—,—,—,—,—
0221,EPS GR 3Y avg,—,44.88,45.42,—,—,—,—,—,—,—,—
0221,EPS GR 5Y avg,—,—,—,—,—,—,—,—,—,—,—
0221,EPS GR 10Y avg,—,—,—,—,—,—,—,—,—,—,—
0221,OCF GR,—,-18.96,—,—,54.03,—,—,—,—,—,—
0221,FCF GR,—,-7.44,—,—,54.20,—,—,—,—,—,—
0221,D/E,0.20,0.20,0.23,0.55,0.08,0.13,—,—,—,—,—
0221,Price,0.5450,0.5500,0.0000, - , - , - ,0.0,0.0,0.0,0.0,0.0
0225,Year End,TTM,2020-12,2019-12,2018-12,2017-12,2016-12,2015-12,2014-12,2013-12,2012-12,2011-12
0225,Revenue,563,563,657,683,596,471,—,—,—,—,—
0225,NP,21,21,29,26,18,14,—,—,—,—,—
0225,EPS,0.04,0.04,0.04,0.03,0.02,0.02,—,—,—,—,—
0225,DPS,—,—,—,—,—,—,—,—,—,—,—
0225,Div Payout,—,—,—,—,—,—,—,—,—,—,—
0225,Shares,492,492,800,800,800,800,—,—,—,—,—
0225,BVPS,0.34,0.32,—,—,—,—,—,—,—,—,—
0225,OCF,44,44,31,28,-3,-7,—,—,—,—,—
0225,FCF,39,39,24,26,-4,-10,—,—,—,—,—
0225,NP Margin,3.78,3.78,4.35,3.84,3.05,3.01,—,—,—,—,—
0225,ROE,9.59,9.59,17.65,19.53,16.22,13.74,—,—,—,—,—
0225,Revenue GR,—,-14.31,-3.88,14.69,26.57,—,—,—,—,—,—
0225,Revenue GR 3Y avg,—,-1.88,11.74,—,—,—,—,—,—,—,—
0225,Revenue GR 5Y avg,—,—,—,—,—,—,—,—,—,—,—
0225,Revenue GR 10Y avg,—,—,—,—,—,—,—,—,—,—,—
0225,NP GR,—,5.35,26.35,—,—,—,—,—,—,—,—
0225,NP GR 3Y avg,—,—,—,—,—,—,—,—,—,—,—
0225,NP GR 5Y avg,—,—,—,—,—,—,—,—,—,—,—
0225,NP GR 10Y avg,0.0,0.0,0.0,0.0,0.0,0.0,0.0,0.0,0.0,0.0,0.0
0225,EPS GR,—,21.06,8.83,44.26,28.48,—,—,—,—,—,—
0225,EPS GR 3Y avg,—,23.87,26.35,—,—,—,—,—,—,—,—
0225,EPS GR 5Y avg,—,—,—,—,—,—,—,—,—,—,—
0225,EPS GR 10Y avg,—,—,—,—,—,—,—,—,—,—,—
0225,OCF GR,—,42.73,11.34,—,—,—,—,—,—,—,—
0225,FCF GR,—,66.23,-9.56,—,—,—,—,—,—,—,—
0225,D/E,0.03,0.03,0.11,0.11,0.11,0.16,—,—,—,—,—
0225,Price,0.4650,0.4850,0.0000, - , - , - ,0.0,0.0,0.0,0.0,0.0
0228,Year End,TTM,2020-05,2019-05,2018-05,2017-05,2016-05,2015-05,2014-05,2013-05,2012-05,2011-05
0228,Revenue,99,101,83,64,—,—,—,—,—,—,—
0228,NP,8,8,13,15,—,—,—,—,—,—,—
0228,EPS,0.02,0.02,0.03,0.04,—,—,—,—,—,—,—
0228,DPS,—,—,—,—,—,—,—,—,—,—,—
0228,Div Payout,—,—,—,—,—,—,—,—,—,—,—
0228,Shares,388,388,388,388,—,—,—,—,—,—,—
0228,BVPS,0.28,—,—,—,—,—,—,—,—,—,—
0228,OCF,10,14,15,15,—,—,—,—,—,—,—
0228,FCF,5,9,11,13,—,—,—,—,—,—,—
0228,NP Margin,8.29,8.14,16.13,23.19,—,—,—,—,—,—,—
0228,ROE,11.57,10.39,24.03,28.82,—,—,—,—,—,—,—
0228,Revenue GR,—,22.40,28.40,—,—,—,—,—,—,—,—
0228,Revenue GR 3Y avg,—,—,—,—,—,—,—,—,—,—,—
0228,Revenue GR 5Y avg,—,—,—,—,—,—,—,—,—,—,—
0228,Revenue GR 10Y avg,—,—,—,—,—,—,—,—,—,—,—
0228,NP GR,—,—,—,—,—,—,—,—,—,—,—
0228,NP GR 3Y avg,—,—,—,—,—,—,—,—,—,—,—
0228,NP GR 5Y avg,—,—,—,—,—,—,—,—,—,—,—
0228,NP GR 10Y avg,0.0,0.0,0.0,0.0,0.0,0.0,0.0,0.0,0.0,0.0,0.0
0228,EPS GR,—,-38.19,-10.68,—,—,—,—,—,—,—,—
0228,EPS GR 3Y avg,—,—,—,—,—,—,—,—,—,—,—
0228,EPS GR 5Y avg,—,—,—,—,—,—,—,—,—,—,—
0228,EPS GR 10Y avg,—,—,—,—,—,—,—,—,—,—,—
0228,OCF GR,—,-8.50,4.35,—,—,—,—,—,—,—,—
0228,FCF GR,—,-16.71,-16.54,—,—,—,—,—,—,—,—
0228,D/E,0.16,0.18,0.27,0.27,—,—,—,—,—,—,—
0225,Price,0.4650,0.4850,0.0000, - , - , - ,0.0,0.0,0.0,0.0,0.0
0230,Year End,TTM,2019-12,2018-12,2017-12,2016-12,2015-12,2014-12,2013-12,2012-12,2011-12,2010-12
0230,Revenue,157,233,259,360,—,—,—,—,—,—,—
0230,NP,27,43,49,63,—,—,—,—,—,—,—
0230,EPS,0.03,0.05,0.06,0.07,—,—,—,—,—,—,—
0230,DPS,—,—,—,—,—,—,—,—,—,—,—
0230,Div Payout,—,—,—,—,—,—,—,—,—,—,—
0230,Shares,805,805,805,807,—,—,—,—,—,—,—
0230,BVPS,0.56,—,—,—,—,—,—,—,—,—,—
0230,OCF,4,62,44,64,—,—,—,—,—,—,—
0230,FCF,3,61,43,62,—,—,—,—,—,—,—
0230,NP Margin,17.24,18.63,18.80,17.52,—,—,—,—,—,—,—
0230,ROE,6.15,13.45,16.70,22.29,—,—,—,—,—,—,—
0230,Revenue GR,—,-10.09,-27.92,—,—,—,—,—,—,—,—
0230,Revenue GR 3Y avg,—,—,—,—,—,—,—,—,—,—,—
0230,Revenue GR 5Y avg,—,—,—,—,—,—,—,—,—,—,—
0230,Revenue GR 10Y avg,—,—,—,—,—,—,—,—,—,—,—
0230,NP GR,—,—,—,—,—,—,—,—,—,—,—
0230,NP GR 3Y avg,—,—,—,—,—,—,—,—,—,—,—
0230,NP GR 5Y avg,—,—,—,—,—,—,—,—,—,—,—
0230,NP GR 10Y avg,0.0,0.0,0.0,0.0,0.0,0.0,0.0,0.0,0.0,0.0,0.0
0230,EPS GR,—,-10.92,-22.43,—,—,—,—,—,—,—,—
0230,EPS GR 3Y avg,—,—,—,—,—,—,—,—,—,—,—
0230,EPS GR 5Y avg,—,—,—,—,—,—,—,—,—,—,—
0230,EPS GR 10Y avg,—,—,—,—,—,—,—,—,—,—,—
0230,OCF GR,—,39.79,-30.12,—,—,—,—,—,—,—,—
0230,FCF GR,—,42.53,-31.10,—,—,—,—,—,—,—,—
0230,D/E,0.27,0.31,0.23,0.31,—,—,—,—,—,—,—
0230,Price,0.6300,0.0000,0.0000, - , - , - ,0.0,0.0,0.0,0.0,0.0
1007,Year End,TTM,2020-03,2019-03,2018-03,2017-03,2016-03,2015-03,2014-03,2013-03,2012-03,2011-03
1007,Revenue,138,180,147,134,188,168,174,170,174,257,110
1007,NP,-7,2,44,142,18,84,36,171,97,102,49
1007,EPS,-0.03,-0.03,0.04,0.20,0.02,0.12,0.05,0.30,0.17,0.18,0.08
1007,DPS,0.03,0.03,0.04,0.03,0.03,0.03,—,0.03,0.03,—,—
1007,Div Payout,—,90.9,68.9,19.4,166.7,24.4,—,20.8,28.2,—,—
1007,Shares,715,653,"1,066",720,596,719,655,578,577,573,575
1007,BVPS,0.82,1.45,1.52,1.52,1.42,1.58,1.39,1.38,1.21,1.13,—
1007,OCF,23,12,-25,-63,35,-41,78,8,35,110,21
1007,FCF,21,11,-33,-113,-62,-50,67,-81,34,99,20
1007,NP Margin,-18.70,-9.30,16.59,102.44,9.67,47.16,20.45,100.65,55.61,39.71,44.21
1007,ROE,-2.54,-1.72,2.49,13.68,1.86,8.12,3.74,20.51,13.89,16.56,8.89
1007,Revenue GR,-34.25,22.03,9.73,-28.76,11.88,-3.09,2.00,-2.21,-32.23,133.25,—
1007,Revenue GR 3Y avg,—,-1.56,-4.37,-8.25,3.41,-1.12,-12.24,15.62,-10.24,13.32,—
1007,Revenue GR 5Y avg,—,0.67,-2.87,-5.08,-6.03,8.85,-6.33,-0.72,-12.57,-2.05,—
1007,Revenue GR 10Y avg,—,-2.89,-1.80,-8.90,-4.06,-2.48,—,—,—,—,—
1007,NP GR,—,-48.57,-19.77,58.86,-52.64,-4.44,-29.65,52.10,42.20,79.34,—
1007,NP GR 3Y avg,—,-41.30,-23.94,8.01,-29.16,11.65,1.07,57.49,—,33.27,—
1007,NP GR 5Y avg,—,-22.97,9.45,—,-2.83,—,—,—,—,—,—
1007,NP GR 10Y avg,0.0,0.0,0.0,0.0,0.0,0.0,0.0,0.0,0.0,0.0,0.0
1007,EPS GR,-104.35,—,-81.64,790.54,-81.11,116.79,-81.70,75.47,-5.12,110.04,—
1007,EPS GR 3Y avg,—,—,-32.40,53.93,-57.84,-11.38,-32.71,51.79,34.61,47.44,—
1007,EPS GR 5Y avg,—,—,-34.29,3.21,-34.05,6.77,-4.77,39.78,—,18.48,—
1007,EPS GR 10Y avg,—,—,-4.16,—,-11.60,—,—,—,—,—,—
1007,OCF GR,—,—,—,—,—,—,888.60,-77.28,-68.48,423.27,—
1007,FCF GR,—,—,—,—,—,—,—,—,-66.14,389.08,—
1007,D/E,0.19,0.26,0.36,0.38,0.27,0.11,0.29,0.31,0.29,0.23,0.32
1007,Price,0.4300,0.4300,0.3000,0.5350,0.6950,0.8350,0.8950,0.8800,0.8600,0.6550,0.4600
1015,Year End,TTM,2021-03,2020-03,2019-03,2018-03,2017-03,2016-03,2015-03,2014-03,2013-03,2012-03
1015,Revenue,"5,407","5,407","5,022","4,679","4,771","4,633","4,599","5,164","5,552","5,022","4,217"
1015,NP,"-3,826","-3,826","1,341","1,505","1,132","1,325","1,302","1,919","1,782","1,635","1,566"
1015,EPS,-1.27,-1.27,0.45,0.50,0.38,0.44,0.43,0.64,0.59,0.54,0.50
1015,DPS,0.07,0.07,0.21,0.15,0.17,0.15,0.20,0.28,0.22,0.20,0.18
1015,Div Payout,—,19.7,40.7,34.8,43.6,36.7,39.6,46.7,38.3,38.1,37.5
1015,Shares,"3,008","3,008","3,004","3,009","3,008","3,008","3,008","3,007","3,008","3,001","2,993"
1015,BVPS,4.43,6.51,6.09,5.71,5.40,5.20,4.94,4.60,4.19,3.90,3.58
1015,OCF,508,508,"13,334","10,755","-5,397","-4,788","1,920",2,"2,653","9,500","-7,432"
1015,FCF,376,376,"13,188","10,631","-5,524","-5,000","1,676",-160,"2,422","9,329","-7,546"
1015,NP Margin,-70.77,-70.77,26.70,32.17,23.73,28.59,28.31,37.15,32.10,32.56,35.82
1015,ROE,-23.04,-23.04,7.39,8.80,6.96,8.49,8.79,13.90,14.16,13.88,13.84
1015,Revenue GR,5.24,7.65,7.34,-1.92,2.98,0.73,-10.94,-6.99,10.56,19.08,7.78
1015,Revenue GR 3Y avg,—,4.26,2.73,0.58,-2.61,-5.86,-2.89,6.98,12.37,11.97,8.84
1015,Revenue GR 5Y avg,—,3.29,-0.55,-3.36,-1.02,1.90,3.28,7.62,11.16,8.33,5.80
1015,Revenue GR 10Y avg,—,3.29,3.45,3.64,3.55,3.83,4.85,7.19,—,—,—
1015,NP GR,—,—,0.40,4.95,-16.12,-9.42,-7.31,7.00,8.61,16.18,21.27
1015,NP GR 3Y avg,—,—,-6.92,-3.32,-7.09,-3.29,-1.31,12.97,15.21,15.06,—
1015,NP GR 5Y avg,—,—,2.55,5.54,3.39,—,10.52,20.88,—,—,—
1015,NP GR 10Y avg,0.0,0.0,0.0,0.0,0.0,0.0,0.0,0.0,0.0,0.0,0.0
1015,EPS GR,—,—,-10.77,32.92,-14.51,1.62,-32.11,7.69,8.87,7.82,12.93
1015,EPS GR 3Y avg,—,—,0.46,4.91,-16.14,-9.43,-7.32,8.13,9.85,16.18,16.89
1015,EPS GR 5Y avg,—,—,-6.90,-3.33,-7.11,-2.70,-0.62,12.95,13.39,14.29,—
1015,EPS GR 10Y avg,—,—,2.55,4.70,3.04,—,10.04,19.79,—,—,—
1015,OCF GR,—,-96.19,23.98,—,—,—,—,-99.91,-72.07,—,—
1015,FCF GR,—,-97.15,24.05,—,—,—,—,—,-74.03,—,—
1015,D/E,0.43,0.43,0.34,0.44,0.54,0.71,0.84,0.89,0.87,1.03,0.47
1015,Price,2.9300,2.9300,3.0000,4.5600,3.8900,4.6500,4.6000,6.3600,7.1800,6.5500,6.3100
1023,Year End,TTM,2020-12,2019-12,2018-12,2017-12,2016-12,2015-12,2014-12,2013-12,2012-12,2011-12
1023,Revenue,"17,210","16,512","17,522","17,289","17,402","15,610","15,131","13,715","13,648","13,016","12,122"
1023,NP,"3,144","1,194","4,560","5,584","4,475","3,564","2,850","3,107","4,540","4,345","4,074"
1023,EPS,0.32,0.12,0.47,0.60,0.50,0.41,0.34,0.38,0.60,0.58,0.54
1023,DPS,0.05,0.12,0.26,0.25,0.25,0.19,0.08,0.20,0.31,0.15,0.20
1023,Div Payout,15.1,65.1,51.9,63.7,25.1,46.2,30.5,41.8,51.1,25.9,25.5
1023,Shares,"10,014","9,923","9,706","9,357","9,017","8,689","8,476","8,288","7,571","7,433","7,433"
1023,BVPS,5.75,5.57,5.67,5.25,5.23,4.96,4.68,4.38,3.90,3.84,3.17
1023,OCF,"39,829","44,116",862,"1,777","17,959","1,018",-990,"3,668","4,252","2,022","10,367"
1023,FCF,"38,700","42,986",-95,726,"17,247",-179,"-1,933","2,914","3,376","1,194","9,605"
1023,NP Margin,18.27,7.23,26.02,32.30,25.72,22.83,18.83,22.65,33.27,33.38,33.25
1023,ROE,5.59,2.12,8.44,11.16,9.53,8.22,7.23,9.13,15.38,15.73,16.16
1023,Revenue GR,17.03,-5.77,1.35,-0.65,11.48,3.17,10.32,0.49,4.86,7.37,2.64
1023,Revenue GR 3Y avg,—,-1.73,3.93,4.54,8.26,4.58,5.15,4.20,4.94,6.85,16.13
1023,Revenue GR 5Y avg,—,1.76,5.02,4.84,5.98,5.19,5.08,5.15,12.01,7.63,13.65
1023,Revenue GR 10Y avg,—,3.41,5.09,8.37,6.80,9.34,12.35,—,—,—,—
1023,NP GR,—,-35.62,8.56,25.14,12.94,-7.75,-13.12,-8.64,7.16,12.55,26.50
1023,NP GR 3Y avg,—,-15.96,7.98,4.22,0.59,-2.64,-5.04,0.39,17.67,8.32,20.42
1023,NP GR 5Y avg,—,-10.67,4.11,10.74,4.38,8.28,10.72,—,—,—,—
1023,NP GR 10Y avg,0.0,0.0,0.0,0.0,0.0,0.0,0.0,0.0,0.0,0.0,0.0
1023,EPS GR,383.59,-74.37,-21.27,20.23,21.05,22.02,-10.40,-37.50,2.74,7.75,10.61
1023,EPS GR 3Y avg,—,-37.63,4.64,21.10,9.79,-11.92,-16.83,-11.55,6.98,13.68,23.32
1023,EPS GR 5Y avg,—,-18.56,4.61,-0.11,-3.20,-5.43,-7.27,-1.16,15.73,6.87,17.69
1023,EPS GR 10Y avg,—,-13.10,1.69,7.52,1.71,5.50,8.36,—,—,—,—
1023,OCF GR,—,—,-51.48,-90.11,—,—,—,-13.75,110.34,-80.50,—
1023,FCF GR,—,—,—,-95.79,—,—,—,-13.69,182.69,-87.57,—
1023,D/E,0.75,0.75,0.87,0.76,0.84,0.75,0.88,0.89,1.06,0.94,0.65
1023,Price,4.3400,4.3000,5.1500,5.7100,6.5400,4.5100,4.5400,5.5600,7.6200,7.6300,7.4400
1058,Year End,TTM,2020-12,2019-12,2018-12,2017-12,2016-12,2015-12,2014-12,2013-12,2012-12,2011-12
1058,Revenue,"1,707","1,381","1,364","1,004","1,296","1,073","1,028","1,047","1,017",756,672
1058,NP,55,39,26,26,28,46,36,36,58,49,67
1058,EPS,0.27,0.19,0.13,0.13,0.14,0.23,0.18,0.18,0.29,0.24,0.20
1058,DPS,0.07,0.07,0.07,0.08,0.10,0.09,0.10,0.10,0.15,0.18,0.18
1058,Div Payout,26.1,48.9,73.2,62.3,43.0,71.3,45.2,53.4,63.1,74.4,53.5
1058,Shares,205,204,202,202,202,202,202,202,202,202,202
1058,BVPS,4.40,4.25,4.18,4.04,4.00,3.88,3.81,3.74,3.67,3.65,2.65
1058,OCF,-2,8,13,89,-14,43,36,41,247,6,-66
1058,FCF,-14,-8,7,87,-17,31,22,7,209,3,-69
1058,NP Margin,3.24,2.81,1.92,2.61,2.16,4.33,3.46,3.40,5.73,6.47,10.03
1058,ROE,6.32,4.45,3.15,3.21,3.47,5.90,4.62,4.70,7.80,7.45,12.12
1058,Revenue GR,801.63,1.24,35.83,-22.54,20.86,4.34,-1.81,3.01,34.39,12.62,-3.50
1058,Revenue GR 3Y avg,—,2.13,8.34,-0.78,7.38,1.81,10.77,15.95,13.46,102.55,117.87
1058,Revenue GR 5Y avg,—,6.08,5.43,-0.24,11.38,9.82,8.12,62.99,73.35,45.28,54.93
1058,Revenue GR 10Y avg,—,7.09,31.09,31.50,27.20,30.44,—,—,—,—,—
1058,NP GR,—,11.47,-17.44,-9.61,-7.71,-7.27,-10.12,-19.12,-3.27,-6.11,12.75
1058,NP GR 3Y avg,—,1.78,-6.02,-14.73,-10.56,-7.17,-11.20,-9.63,4.38,-10.45,5.83
1058,NP GR 5Y avg,—,-4.93,-7.84,-5.66,-10.51,-0.88,—,—,—,—,—
1058,NP GR 10Y avg,0.0,0.0,0.0,0.0,0.0,0.0,0.0,0.0,0.0,0.0,0.0
1058,EPS GR,161.32,47.25,-0.46,-6.29,-39.70,30.69,-0.28,-38.81,18.97,-27.34,4.69
1058,EPS GR 3Y avg,—,11.16,-17.45,-9.61,-7.72,-7.27,-10.13,-19.12,-3.27,-6.11,12.74
1058,EPS GR 5Y avg,—,1.60,-6.02,-14.74,-10.57,-7.17,-11.20,-9.64,4.38,-10.45,5.83
1058,EPS GR 10Y avg,—,-5.01,-7.85,-5.66,-10.51,-0.88,—,—,—,—,—
1058,OCF GR,—,-34.99,-85.53,—,—,21.11,-12.73,-83.46,—,—,—
1058,FCF GR,—,—,-91.37,—,—,40.19,197.70,-96.43,—,—,—
1058,D/E,—,—,—,—,—,—,—,—,—,—,—
1058,Price,2.1100,2.0100,2.4800,2.5000,3.3000,3.0200,2.9200,3.1400,3.5500,3.3500,3.1600
1066,Year End,TTM,2020-12,2019-12,2018-12,2017-12,2016-12,2015-12,2014-12,2013-12,2012-12,2011-12
1066,Revenue,"7,728","7,499","7,104","6,812","6,160","5,926","6,233","6,308","5,911","4,821","4,308"
1066,NP,"2,112","2,033","2,482","2,305","1,950","1,682","1,511","2,038","1,831","1,785","1,504"
1066,EPS,0.53,0.51,0.61,0.57,0.48,0.43,0.24,0.75,0.68,0.74,0.72
1066,DPS,0.28,0.18,0.26,0.17,0.12,0.17,0.06,0.10,0.21,0.22,0.27
1066,Div Payout,55.2,34.5,42.1,31.9,27.6,22.3,9.2,20.2,31.6,29.6,34.0
1066,Shares,"4,010","4,010","4,010","4,010","4,010","3,856","6,873","2,736","2,686","2,416","2,330"
1066,BVPS,6.56,6.81,6.44,5.82,5.74,5.39,6.68,6.66,6.01,5.67,4.22
1066,OCF,"7,970",505,"6,205","4,958","-3,261",814,"-2,534","2,515","-8,571","4,813","5,562"
1066,FCF,"7,663",236,"5,933","4,637","-3,543",555,"-2,776","2,278","-8,725","4,686","5,381"
1066,NP Margin,27.33,27.10,34.94,33.84,31.66,28.38,24.25,32.31,30.98,37.02,34.86
1066,ROE,8.01,7.70,10.10,9.91,8.69,7.50,7.22,11.47,11.50,13.44,14.03
1066,Revenue GR,12.31,5.55,4.29,10.58,3.95,-4.92,-1.20,6.73,22.61,11.91,21.75
1066,Revenue GR 3Y avg,—,6.77,6.23,3.01,-0.79,0.09,8.94,13.56,18.66,9.39,7.84
1066,Revenue GR 5Y avg,—,3.77,2.41,2.88,5.03,6.59,11.99,11.37,11.47,7.31,7.21
1066,Revenue GR 10Y avg,—,7.80,6.79,7.09,6.16,6.90,9.20,—,—,—,—
1066,NP GR,—,1.39,13.86,15.11,-1.46,-2.80,-5.39,10.67,8.63,13.88,12.73
1066,NP GR 3Y avg,—,6.10,4.02,4.71,1.79,2.26,1.13,11.02,11.77,16.77,20.34
1066,NP GR 5Y avg,—,3.59,7.46,8.18,9.02,10.93,13.32,—,—,—,—
1066,NP GR 10Y avg,0.0,0.0,0.0,0.0,0.0,0.0,0.0,0.0,0.0,0.0,0.0
1066,EPS GR,14.08,-18.09,7.65,18.31,11.47,-24.96,-22.04,9.33,-7.72,14.66,4.39
1066,EPS GR 3Y avg,—,1.42,12.39,-0.35,-13.28,-13.84,-7.69,4.97,3.37,12.29,12.26
1066,EPS GR 5Y avg,—,-2.69,-3.64,-3.35,-8.03,-7.51,-1.20,7.39,8.40,17.15,23.48
1066,EPS GR 10Y avg,—,-1.95,1.72,2.36,3.80,6.87,13.64,—,—,—,—
1066,OCF GR,—,-91.85,25.14,—,—,—,—,—,—,-13.46,—
1066,FCF GR,—,-96.03,27.94,—,—,—,—,—,—,-12.91,—
1066,D/E,0.27,0.27,0.29,0.39,0.39,0.62,0.56,0.69,0.71,0.93,0.72
1066,Price,5.3700,5.4500,5.7800,5.2900,5.0000,4.7100,5.6700,7.6200,7.9000,7.6900,7.4800
1082,Year End,TTM,2020-06,2019-06,2018-06,2017-06,2016-06,2015-06,2014-06,2013-06,2012-06,2011-06
1082,Revenue,"6,076","5,192","5,125","5,296","4,995","4,462","4,455","4,551","4,320","4,132","3,656"
1082,NP,"2,217","1,858","1,919","1,907","1,507","1,359","1,621","1,707","1,488","1,155","2,069"
1082,EPS,1.96,1.63,1.67,1.66,1.32,1.23,1.52,1.60,1.40,1.16,1.58
1082,DPS,0.35,0.13,0.42,0.40,0.38,0.38,0.37,0.37,0.35,0.25,0.25
1082,Div Payout,18.3,26.5,24.0,25.4,26.4,28.9,24.5,22.9,22.9,15.6,—
1082,Shares,"1,134","1,135","1,144","1,144","1,144","1,103","1,069","1,067","1,063","1,064","1,059"
1082,BVPS,19.33,17.65,16.67,15.40,14.48,13.21,11.72,10.47,9.33,7.70,—
1082,OCF,"5,054","13,633","-11,704","6,798","4,345","10,939","-2,013","6,960","4,116","-12,268","4,198"
1082,FCF,"4,888","13,401","-11,857","6,636","4,153","10,563","-2,263","6,750","3,959","-12,575","4,062"
1082,NP Margin,36.49,35.78,37.45,36.02,30.16,30.46,36.38,37.50,34.44,27.95,45.73
1082,ROE,10.49,9.29,10.40,11.09,9.43,9.55,13.18,15.84,16.11,12.38,21.68
1082,Revenue GR,38.86,1.31,-3.23,6.02,11.95,0.14,-2.11,5.36,4.53,13.02,—
1082,Revenue GR 3Y avg,—,1.30,4.73,5.93,3.15,1.09,2.54,7.57,21.01,22.71,—
1082,Revenue GR 5Y avg,—,3.11,2.40,4.16,3.87,4.06,12.82,15.27,14.18,15.76,—
1082,Revenue GR 10Y avg,—,7.85,8.64,9.06,9.65,9.33,10.50,—,—,—,—
1082,NP GR,—,7.22,12.20,5.58,-4.07,-2.97,11.96,-6.22,7.87,6.27,—
1082,NP GR 3Y avg,—,2.76,2.37,5.10,5.47,-8.07,6.46,12.14,12.48,9.86,—
1082,NP GR 5Y avg,—,4.59,7.15,8.73,7.64,8.23,10.90,—,—,—,—
1082,NP GR 10Y avg,0.0,0.0,0.0,0.0,0.0,0.0,0.0,0.0,0.0,0.0,0.0
1082,EPS GR,70.23,-2.50,0.60,26.56,6.98,-18.74,-5.22,14.33,28.87,-31.24,—
1082,EPS GR 3Y avg,—,7.47,10.85,3.23,-6.25,-4.15,11.77,0.43,20.30,21.90,—
1082,EPS GR 5Y avg,—,1.53,0.96,3.58,3.95,-4.84,13.53,21.69,21.90,18.65,—
1082,EPS GR 10Y avg,—,7.37,10.84,12.37,11.06,12.36,15.73,—,—,—,—
1082,OCF GR,—,—,—,56.44,-60.28,—,—,69.08,—,—,—
1082,FCF GR,—,—,—,59.79,-60.69,—,—,70.49,—,—,—
1082,D/E,0.19,0.20,0.27,0.31,0.32,0.46,0.92,1.13,1.30,0.44,0.49
1082,Price,17.4200,13.1000,18.5400,18.0000,16.8000,14.6800,15.1600,16.1400,14.4600,12.2400,13.1800
1155,Year End,TTM,2020-12,2019-12,2018-12,2017-12,2016-12,2015-12,2014-12,2013-12,2012-12,2011-06
1155,Revenue,"24,287","24,183","24,820","23,634","22,989","22,077","20,666","18,500","21,500","19,455","13,420"
1155,NP,"6,824","6,481","8,198","8,113","7,521","6,743","6,836","6,716","6,552","5,745","4,620"
1155,EPS,0.60,0.57,0.73,0.74,0.72,0.68,0.72,0.74,0.76,0.72,0.61
1155,DPS,0.53,0.53,0.57,0.57,0.45,0.50,0.57,0.59,0.43,0.08,0.72
1155,Div Payout,86.8,59.2,78.4,78.0,59.7,120.3,43.5,81.2,59.3,11.0,—
1155,Shares,"11,285","11,241","11,161","10,934","10,442","9,940","9,940","9,059","8,653","7,905","7,246"
1155,BVPS,7.17,7.30,7.05,6.59,6.68,6.45,6.11,5.37,5.04,5.00,—
1155,OCF,"27,604","2,248","-9,968","9,925","3,006",43,"-12,233","5,265","8,557","-13,235","2,655"
1155,FCF,"27,131","1,768","-10,591","9,252","2,204",-525,"-12,762","4,637","7,659","-14,067","2,654"
1155,NP Margin,28.10,26.80,33.03,34.33,32.71,30.54,33.08,36.31,30.48,29.53,33.16
1155,ROE,8.43,7.81,10.45,10.94,10.63,10.36,11.92,13.57,14.85,15.01,15.00
1155,Revenue GR,1.56,-2.57,5.02,2.80,4.13,6.83,11.71,-13.95,10.51,—,—
1155,Revenue GR 3Y avg,—,1.70,3.98,4.57,7.51,0.89,2.03,—,20.68,17.91,—
1155,Revenue GR 5Y avg,—,3.19,6.05,1.91,3.39,—,10.05,8.38,17.19,16.89,—
1155,Revenue GR 10Y avg,—,6.39,7.15,8.89,9.58,10.01,10.31,10.55,—,—,—
1155,NP GR,—,-4.84,6.73,5.88,3.84,0.96,5.97,—,14.96,15.90,—
1155,NP GR 3Y avg,—,-1.06,4.07,4.37,5.54,—,9.08,12.38,61.72,15.49,—
1155,NP GR 5Y avg,—,3.62,7.93,28.44,10.14,7.96,9.57,10.75,—,—,—
1155,NP GR 10Y avg,0.0,0.0,0.0,0.0,0.0,0.0,0.0,0.0,0.0,0.0,0.0
1155,EPS GR,14.98,-21.50,-0.94,3.06,6.19,-5.83,-2.83,-2.11,4.13,—,—
1155,EPS GR 3Y avg,—,-7.11,2.73,1.01,-0.95,-3.61,-0.32,—,8.71,12.68,—
1155,EPS GR 5Y avg,—,-4.33,-0.16,-0.40,-0.19,—,3.60,7.32,50.48,6.87,—
1155,EPS GR 10Y avg,—,-0.65,3.32,21.12,3.09,1.44,3.23,4.49,—,—,—
1155,OCF GR,—,—,—,230.23,—,—,—,-38.47,—,—,—
1155,FCF GR,—,—,—,319.76,—,—,—,-39.45,—,—,—
1155,D/E,0.73,0.73,0.77,0.73,0.81,0.89,0.95,0.80,0.74,0.77,—
1155,Price,8.2500,8.4600,8.6400,9.5000,9.8000,8.2000,8.4000,9.1700,9.9400,9.2000,8.5800
1163,Year End,TTM,2020-12,2019-12,2018-12,2017-12,2016-12,2015-12,2014-12,2013-12,2012-12,2011-12
1163,Revenue,"6,014","5,726","5,625","4,532","4,805","4,299","4,009","3,758","3,272","2,767","2,427"
1163,NP,504,520,492,377,288,312,309,296,238,208,132
1163,EPS,1.46,1.50,1.42,1.09,0.83,0.91,0.89,0.86,0.59,0.54,0.44
1163,DPS,0.58,0.51,0.40,0.12,0.09,0.07,0.05,0.03,0.07,0.05,0.04
1163,Div Payout,39.8,34.7,30.1,11.4,10.7,7.2,7.1,3.9,10.6,9.7,4.0
1163,Shares,346,346,346,346,346,344,346,344,404,382,374
1163,BVPS,19.49,20.22,18.39,16.28,16.76,15.48,13.82,12.35,11.21,10.42,6.82
1163,OCF,445,-136,568,433,439,51,12,76,211,-22,38
1163,FCF,415,-162,517,406,344,30,-24,57,140,-36,27
1163,NP Margin,6.42,7.03,6.41,6.52,5.99,7.26,7.71,7.87,7.27,7.50,5.44
1163,ROE,11.60,12.14,12.10,10.93,10.87,12.12,13.56,14.98,13.63,14.54,11.62
1163,Revenue GR,32.80,1.78,24.12,-5.68,11.78,7.24,6.68,14.86,18.24,14.01,11.67
1163,Revenue GR 3Y avg,—,6.02,9.38,4.18,8.54,9.53,13.15,15.69,14.61,13.55,677.14
1163,Revenue GR 5Y avg,—,7.39,8.40,6.74,11.67,12.11,13.02,14.74,263.28,263.36,234.19
1163,Revenue GR 10Y avg,—,10.17,11.53,96.91,101.44,93.56,—,—,—,—,—
1163,NP GR,—,21.80,16.42,6.87,-0.90,9.47,14.16,30.90,22.57,20.43,23.10
1163,NP GR 3Y avg,—,10.99,10.73,9.64,6.76,18.80,19.04,20.01,27.46,—,30.42
1163,NP GR 5Y avg,—,14.95,15.28,18.22,—,24.47,—,—,—,—,—
1163,NP GR 10Y avg,0.0,0.0,0.0,0.0,0.0,0.0,0.0,0.0,0.0,0.0,0.0
1163,EPS GR,-20.38,5.62,30.43,30.99,-8.28,1.60,24.85,21.45,8.33,54.31,-29.94
1163,EPS GR 3Y avg,—,21.75,16.15,6.87,5.18,15.49,17.99,26.62,5.41,-5.11,-2.38
1163,EPS GR 5Y avg,—,10.96,14.73,13.10,8.89,20.83,12.17,2.37,9.24,—,13.51
1163,EPS GR 10Y avg,—,11.56,8.37,11.15,—,17.11,—,—,—,—,—
1163,OCF GR,—,—,31.10,-1.43,761.96,341.45,-84.88,-63.73,—,—,—
1163,FCF GR,—,—,27.46,17.89,—,—,—,-58.98,—,—,—
1163,D/E,0.01,0.01,0.01,—,—,—,—,—,—,—,—
1163,Price,13.5000,14.7800,16.2800,13.0000,13.5000,10.2000,10.5000,11.4200,12.1000,7.0500,4.7500
1171,Year End,TTM,2020-12,2019-12,2018-12,2017-12,2016-12,2015-12,2014-12,2013-12,2012-12,2011-12
1171,Revenue,"1,864","1,805","1,387","1,342","1,485","1,408","1,359","1,362","1,499","1,044",764
1171,NP,406,269,716,642,417,201,258,"1,015",598,447,325
1171,EPS,0.06,0.04,0.11,0.10,0.07,0.05,0.09,0.38,0.36,0.25,0.23
1171,DPS,0.03,0.03,0.05,0.05,0.03,0.03,0.10,0.05,0.11,0.11,0.10
1171,Div Payout,50.0,37.7,68.3,46.8,54.4,83.7,40.6,26.4,21.6,43.6,19.1
1171,Shares,"6,975","6,814","6,557","6,226","5,873","4,108","2,889","2,694","1,681","1,777","1,422"
1171,BVPS,1.23,1.27,1.23,1.19,1.18,1.16,1.66,1.52,1.18,1.02,0.26
1171,OCF,-415,"-1,366","3,058","-2,796","3,093","1,110",87,-740,"1,470",-556,"-1,269"
1171,FCF,-508,"-1,456","2,964","-3,035","3,045","1,092",66,-805,"1,445",-629,"-1,300"
1171,NP Margin,21.78,14.92,51.69,47.87,28.08,14.31,18.96,74.53,39.86,42.79,42.61
1171,ROE,4.77,3.08,8.76,8.62,6.02,3.48,5.40,29.56,32.45,34.01,43.07
1171,Revenue GR,16.12,30.19,3.34,-9.66,5.52,3.61,-0.24,-9.17,43.64,36.67,72.96
1171,Revenue GR 3Y avg,—,6.72,-0.50,-0.41,2.94,-2.08,9.18,21.26,50.30,50.75,62.91
1171,Revenue GR 5Y avg,—,5.85,0.36,-2.19,7.31,13.01,25.20,34.91,53.38,49.86,44.45
1171,Revenue GR 10Y avg,—,15.12,16.36,22.48,26.81,27.76,—,—,—,—,—
1171,NP GR,—,-13.57,52.68,35.61,-25.65,-30.41,-16.76,46.11,59.95,98.39,115.37
1171,NP GR 3Y avg,—,0.89,-6.72,1.46,-1.36,-9.15,12.02,77.75,78.94,52.97,51.94
1171,NP GR 5Y avg,—,6.31,28.77,34.74,22.84,17.49,—,—,—,—,—
1171,NP GR 10Y avg,0.0,0.0,0.0,0.0,0.0,0.0,0.0,0.0,0.0,0.0,0.0
1171,EPS GR,-186.24,-63.99,6.30,45.35,44.90,-45.06,-76.33,5.98,41.46,10.48,72.18
1171,EPS GR 3Y avg,—,-17.75,30.82,4.99,-42.67,-48.35,-29.21,18.32,39.09,70.92,72.86
1171,EPS GR 5Y avg,—,-15.03,-21.87,-21.92,-22.34,-26.44,-7.56,49.57,51.85,21.64,24.68
1171,EPS GR 10Y avg,—,-11.37,8.10,8.89,-2.81,-4.23,—,—,—,—,—
1171,OCF GR,—,—,—,—,178.75,—,—,—,—,—,—
1171,FCF GR,—,—,—,—,178.97,—,—,—,—,—,—
1171,D/E,0.32,0.30,0.35,0.25,0.32,0.47,0.93,0.58,1.00,0.47,0.49
1171,Price,0.6600,0.6750,0.8300,0.9200,1.0400,0.9000,1.4100,2.4300,2.2100,2.2600,1.8800
1295,Year End,TTM,2020-12,2019-12,2018-12,2017-12,2016-12,2015-12,2014-12,2013-12,2012-12,2011-12
1295,Revenue,"11,739","11,307","11,101","10,840","10,746","9,955","9,544","8,672","8,158","7,747","7,409"
1295,NP,"5,073","4,872","5,512","5,591","5,470","5,207","5,062","4,519","4,065","3,869","3,524"
1295,EPS,0.26,0.25,0.28,0.29,0.28,0.27,0.26,0.25,0.21,0.20,0.18
1295,DPS,0.13,0.08,0.14,0.13,0.11,0.12,0.11,0.10,0.10,0.09,0.10
1295,Div Payout,49.8,30.3,49.3,45.0,41.7,42.9,44.0,42.9,44.7,43.4,68.2
1295,Shares,"19,411","19,411","19,411","19,363","19,307","19,307","19,307","18,260","18,918","18,918","18,918"
1295,BVPS,2.36,2.37,2.19,2.05,1.86,1.70,1.54,1.39,1.02,0.95,0.69
1295,OCF,"10,341","14,670",875,"11,878","8,353","1,578","7,214","10,049","6,341","2,443","-15,656"
1295,FCF,"9,987","14,296",670,"11,660","8,041","1,173","6,935","9,744","6,212","2,295","-15,856"
1295,NP Margin,43.21,43.09,49.65,51.57,50.90,52.30,53.04,52.11,49.83,49.95,47.02
1295,ROE,11.39,10.73,13.03,14.27,15.28,15.91,17.09,18.65,21.19,23.59,24.98
1295,Revenue GR,15.46,1.85,2.40,0.88,7.95,4.30,10.05,6.31,5.31,4.56,24.35
1295,Revenue GR 3Y avg,—,1.71,3.70,4.34,7.41,6.86,7.20,5.39,11.04,8.14,8.88
1295,Revenue GR 5Y avg,—,3.45,5.06,5.85,6.76,6.09,9.88,7.20,7.29,8.67,10.96
1295,Revenue GR 10Y avg,—,6.62,6.13,6.57,7.71,8.50,9.79,—,—,—,—
1295,NP GR,—,-3.79,1.91,3.37,6.57,8.61,9.37,8.64,16.79,14.89,10.35
1295,NP GR 3Y avg,—,-0.76,4.05,6.58,7.17,8.12,14.69,12.11,9.16,11.94,14.44
1295,NP GR 5Y avg,—,6.68,8.01,7.86,9.53,11.24,12.60,—,—,—,—
1295,NP GR 10Y avg,0.0,0.0,0.0,0.0,0.0,0.0,0.0,0.0,0.0,0.0,0.0
1295,EPS GR,15.20,-11.62,-1.66,1.91,5.12,2.82,5.98,15.11,5.07,11.06,35.74
1295,EPS GR 3Y avg,—,-3.97,1.75,3.27,4.63,7.85,8.63,10.33,16.57,15.22,10.53
1295,EPS GR 5Y avg,—,-0.87,2.80,6.09,6.74,7.92,14.08,13.09,9.52,12.89,15.01
1295,EPS GR 10Y avg,—,6.34,7.82,7.79,9.77,11.41,12.86,—,—,—,—
1295,OCF GR,—,—,-92.64,42.20,429.25,-78.12,-28.21,58.46,159.58,—,—
1295,FCF GR,—,—,-94.26,45.00,585.37,-83.08,-28.83,56.85,170.67,—,—
1295,D/E,0.28,0.29,0.31,0.34,0.34,0.35,0.39,0.44,0.59,—,0.76
1295,Price,4.2000,20.6000,19.4400,24.7600,20.7800,19.7200,18.5200,18.3000,19.4000,16.2800,13.3800
1368,Year End,TTM,2020-12,2019-12,2018-12,2017-12,2016-12,2015-12,2014-12,2013-12,2012-12,2011-12
1368,Revenue,"2,010","2,029","2,411","2,183","2,121","2,931","3,123","3,089",690,886,880
1368,NP,8,13,182,148,418,80,191,202,62,109,62
1368,EPS,0.01,0.01,0.22,0.17,0.50,0.10,0.23,0.24,0.23,0.29,0.17
1368,DPS,0.08,0.08,0.14,0.11,0.15,0.15,0.05,0.10,0.10,0.08,0.08
1368,Div Payout,833.3,184.7,76.7,30.8,207.7,138.9,52.3,63.4,41.6,26.8,27.7
1368,Shares,832,832,832,832,832,827,814,814,814,363,363
1368,BVPS,1.82,1.75,1.77,1.71,1.62,1.61,1.60,0.67,1.45,1.43,1.24
1368,OCF,—,—,—,—,—,—,—,—,—,—,—
1368,FCF,192,193,145,146,46,-25,-53,279,203,255,64
1368,NP Margin,0.42,0.63,7.54,6.80,19.72,2.73,6.12,6.55,9.00,12.24,7.00
1368,ROE,0.55,0.84,11.83,9.62,28.33,5.91,15.30,23.64,11.59,21.55,13.15
1368,Revenue GR,-3.65,-15.86,10.47,2.92,-27.64,-6.15,1.09,347.78,-22.16,0.71,-0.99
1368,Revenue GR 3Y avg,—,-1.47,-6.30,-11.26,-11.78,61.96,52.17,51.98,-8.10,3.25,10.00
1368,Revenue GR 5Y avg,—,-8.27,-4.84,25.90,19.07,27.20,28.57,30.85,0.85,5.76,8.29
1368,Revenue GR 10Y avg,—,8.60,11.59,12.68,12.22,17.37,—,—,—,—,—
1368,NP GR,—,-68.66,31.44,-8.09,27.37,8.85,20.78,48.67,-7.63,9.49,-26.59
1368,NP GR 3Y avg,—,-41.71,-2.12,19.05,30.97,5.38,19.40,19.61,-16.80,15.87,10.92
1368,NP GR 5Y avg,—,-16.57,8.20,-0.48,23.19,8.12,—,—,—,—,—
1368,NP GR 10Y avg,0.0,0.0,0.0,0.0,0.0,0.0,0.0,0.0,0.0,0.0,0.0
1368,EPS GR,-40.30,-93.15,23.03,-64.61,418.56,-58.72,-5.24,45.03,-42.81,76.23,-21.82
1368,EPS GR 3Y avg,—,-68.99,31.19,-8.84,26.58,-17.22,-7.71,13.49,-7.64,9.49,-26.59
1368,EPS GR 5Y avg,—,-42.32,-2.46,0.81,10.96,-10.58,1.60,1.72,-16.80,20.42,16.64
1368,EPS GR 10Y avg,—,-23.45,-0.39,-8.42,15.60,2.13,—,—,—,—,—
1368,OCF GR,—,-4.38,12.10,35.99,353.38,644.30,-98.67,62.92,-20.48,191.88,123.38
1368,FCF GR,—,33.37,-0.86,217.09,—,—,—,37.46,-20.39,301.65,182.60
1368,D/E,0.23,0.23,0.24,0.27,0.28,0.56,0.25,0.27,—,—,0.01
1368,Price,1.7700,1.9100,3.0100,2.7200,2.5000,3.4500,3.3100,2.7300,2.5500,1.4500,1.7900
1481,Year End,TTM,2020-12,2019-12,2018-12,2017-12,2016-12,2015-12,2014-12,2013-12,2012-12,2011-12
1481,Revenue,97,117,274,284,266,277,269,275,262,230,222
1481,NP,-39,-34,75,-5,-1,4,-12,-5,-25,-1,4
1481,EPS,-0.04,-0.04,0.08,-0.01,—,—,-0.02,-0.01,-0.05,—,0.01
1481,DPS,—,—,—,—,—,—,—,—,0.01,0.01,—
1481,Div Payout,—,5.8,—,—,151.3,—,—,—,—,—,—
1481,Shares,929,929,929,912,929,929,929,929,929,929,500
1481,BVPS,0.47,0.48,0.44,0.45,0.65,0.65,0.68,0.67,0.89,0.89,0.91
1481,OCF,-18,1,15,-7,15,-18,4,23,3,—,3
1481,FCF,-35,-15,5,-17,2,-24,-1,17,-12,-14,-6
1481,NP Margin,-39.80,-29.42,27.32,-1.73,-0.25,1.39,-4.31,-1.69,-9.45,-0.43,1.90
1481,ROE,-8.52,-7.37,16.58,-1.15,-0.15,0.86,-2.62,-1.05,-5.50,-0.21,0.92
1481,Revenue GR,-44.60,-57.50,-3.27,6.64,-3.92,2.95,-2.16,4.94,13.94,3.38,0.20
1481,Revenue GR 3Y avg,—,-24.03,-0.30,1.80,-1.08,1.87,5.37,7.32,5.68,0.47,1.62
1481,Revenue GR 5Y avg,—,-15.39,-0.03,1.61,2.96,4.48,3.92,3.93,4.33,0.54,-0.74
1481,Revenue GR 10Y avg,—,-6.23,1.93,2.96,1.74,1.84,—,—,—,—,—
1481,NP GR,—,—,168.82,—,—,—,—,—,—,—,—
1481,NP GR 3Y avg,—,—,—,—,—,-1.81,—,—,—,—,—
1481,NP GR 5Y avg,—,—,9.23,—,—,—,—,—,—,—,—
1481,NP GR 10Y avg,0.0,0.0,0.0,0.0,0.0,0.0,0.0,0.0,0.0,0.0,0.0
1481,EPS GR,111.36,—,—,—,—,—,—,—,—,—,18.00
1481,EPS GR 3Y avg,—,—,168.87,—,—,—,—,—,—,—,—
1481,EPS GR 5Y avg,—,—,—,—,—,-6.79,—,—,—,—,—
1481,EPS GR 10Y avg,—,—,8.74,—,—,—,—,—,—,—,—
1481,OCF GR,—,-90.51,—,—,—,—,-83.72,613.12,—,-99.43,-90.96
1481,FCF GR,—,—,—,—,—,—,—,—,—,—,—
1481,D/E,0.26,0.20,0.18,0.16,0.14,0.18,0.10,0.09,0.13,0.11,0.19
1481,Price,0.1500,0.1500,0.1300,0.1100,0.1450,0.1100,0.1250,0.1450,0.1400,0.1500,0.1900
1538,Year End,TTM,2020-03,2019-03,2018-03,2017-03,2016-03,2015-03,2014-03,2013-03,2012-03,2011-03
1538,Revenue,233,220,199,123,232,144,285,391,407,341,244
1538,NP,26,62,78,33,32,13,43,51,87,47,12
1538,EPS,0.04,0.11,0.21,0.12,0.10,0.04,0.14,0.17,0.30,0.16,0.04
1538,DPS,0.02,0.01,—,0.03,0.02,0.05,0.04,0.03,—,0.02,0.03
1538,Div Payout,50.8,5.8,—,21.1,20.1,151.5,19.8,16.9,—,66.5,—
1538,Shares,572,545,377,282,304,304,304,297,286,294,326
1538,BVPS,1.55,1.50,1.41,1.89,1.79,1.76,1.77,1.63,1.48,1.13,—
1538,OCF,36,53,-48,-15,-50,8,-100,37,-87,-13,-9
1538,FCF,36,48,-50,-15,-72,-7,-151,36,-127,-13,-10
1538,NP Margin,11.25,28.39,39.38,27.05,13.70,9.14,15.10,13.15,21.28,13.91,5.07
1538,ROE,2.87,7.34,10.75,5.33,5.33,2.24,7.45,9.62,18.03,10.78,2.90
1538,Revenue GR,45.75,10.80,62.01,-47.22,60.97,-49.37,-27.16,-3.86,19.28,39.94,—
1538,Revenue GR 3Y avg,—,-1.79,11.23,-24.51,-15.95,-29.22,-5.82,17.07,16.48,5.32,—
1538,Revenue GR 5Y avg,—,-5.04,-12.68,-21.34,-7.40,-9.96,2.05,6.02,6.73,0.95,—
1538,Revenue GR 10Y avg,—,-1.56,-3.78,-8.37,-3.31,-2.49,—,—,—,—,—
1538,NP GR,—,25.21,80.97,-8.32,-14.80,-46.59,-3.20,60.87,46.17,37.26,—
1538,NP GR 3Y avg,—,7.74,8.73,-17.47,-7.67,1.32,9.18,22.91,13.14,-5.19,—
1538,NP GR 5Y avg,—,8.46,15.60,-3.37,-6.44,—,—,—,—,—,—
1538,NP GR 10Y avg,0.0,0.0,0.0,0.0,0.0,0.0,0.0,0.0,0.0,0.0,0.0
1538,EPS GR,-49.92,-44.77,90.38,4.26,141.03,-69.31,-18.49,-39.76,90.23,299.13,—
1538,EPS GR 3Y avg,—,3.11,68.50,-8.30,-15.52,-46.79,-2.25,66.00,50.14,41.71,—
1538,EPS GR 5Y avg,—,-4.11,3.65,-17.65,-7.13,2.73,10.69,26.67,17.42,-1.62,—
1538,EPS GR 10Y avg,—,3.03,14.59,-1.67,-4.42,—,—,—,—,—,—
1538,OCF GR,—,—,—,—,—,—,—,—,—,—,—
1538,FCF GR,—,—,—,—,—,—,—,—,—,—,—
1538,D/E,0.30,0.30,0.42,0.56,0.40,0.49,0.33,0.34,0.47,0.18,0.18
1538,Price,0.8200,0.8200,0.2950,0.4200,0.8000,0.8650,0.7200,0.8000,0.9650,0.9150,0.7600
1562,Year End,TTM,2020-06,2018-04,2017-04,2016-04,2015-04,2014-04,2013-04,2012-04,2011-04,2010-04
1562,Revenue,"4,159","4,636","5,661","5,731","5,563","5,288","4,341","3,628","3,608","3,433","3,393"
1562,NP,107,133,230,237,309,362,329,391,404,357,388
1562,EPS,0.08,0.10,0.17,0.17,0.23,0.27,0.24,0.28,0.29,0.25,0.27
1562,DPS,0.07,0.12,0.15,0.16,0.16,0.23,0.13,0.18,0.23,0.24,0.26
1562,Div Payout,81.0,89.5,—,—,—,—,—,—,—,—,—
1562,Shares,"1,344","1,358","1,361","1,361","1,362","1,360","1,356","1,383","1,420","1,423","1,406"
1562,BVPS,0.60,0.59,—,—,—,—,—,—,—,—,—
1562,OCF,—,—,—,—,—,—,—,—,—,—,—
1562,FCF,391,77,280,254,321,362,356,392,484,376,—
1562,NP Margin,2.57,2.86,4.06,4.14,5.55,6.84,7.57,10.78,11.19,10.19,11.30
1562,ROE,13.35,18.19,30.63,30.90,42.53,55.34,55.13,74.90,86.98,77.39,82.26
1562,Revenue GR,-15.83,-8.79,-1.24,3.02,5.20,21.83,19.64,0.57,5.08,—,—
1562,Revenue GR 3Y avg,—,-4.28,2.29,9.71,15.31,13.60,8.13,2.26,-0.80,—,—
1562,Revenue GR 5Y avg,—,1.07,9.30,9.70,10.13,9.28,3.27,2.05,3.52,—,—
1562,Revenue GR 10Y avg,—,2.05,5.62,6.56,6.59,7.07,—,—,—,—,—
1562,NP GR,—,-18.33,-14.04,-10.31,-7.59,-3.61,-2.75,0.22,-1.46,—,—
1562,NP GR 3Y avg,—,-13.67,-10.10,-10.10,-2.89,-1.42,-4.87,1.74,1.09,—,—
1562,NP GR 5Y avg,—,-9.84,-4.36,-4.67,-4.06,0.94,—,—,—,—,—
1562,NP GR 10Y avg,0.0,0.0,0.0,0.0,0.0,0.0,0.0,0.0,0.0,0.0,0.0
1562,EPS GR,-61.11,-22.27,-3.07,-23.12,-14.21,8.92,-14.26,-0.55,15.68,—,—
1562,EPS GR 3Y avg,—,-18.26,-13.85,-10.44,-7.12,-2.43,-0.46,1.21,0.35,—,—
1562,EPS GR 5Y avg,—,-13.69,-9.80,-9.34,-1.62,-0.65,-2.93,3.70,2.75,—,—
1562,EPS GR 10Y avg,—,-9.03,-3.29,-3.48,-3.51,0.41,—,—,—,—,—
1562,OCF GR,—,-27.58,9.81,-28.66,1.82,1.62,-5.72,-15.67,23.26,—,—
1562,FCF GR,—,-44.72,10.22,-20.89,-11.36,1.77,-9.25,-18.84,28.50,—,—
1562,D/E,1.23,1.38,0.73,0.72,0.91,0.73,0.65,0.70,1.16,—,0.68
1562,Price,2.1100,2.2000,2.7600,2.4500,2.1000,2.8100,3.0400,3.2600,3.8900,4.2000,4.2300
1619,Year End,TTM,2020-12,2019-03,2018-03,2017-03,2016-03,2015-03,2014-03,2013-03,2012-03,2011-03
1619,Revenue,"13,930","13,156","12,477","12,790","12,058","12,173","13,688","14,201","13,135","6,878","3,138"
1619,NP,737,586,202,578,-334,-915,315,457,575,"1,293",263
1619,EPS,0.29,0.29,0.06,0.22,-0.24,-0.51,0.16,0.24,0.30,0.82,0.11
1619,DPS,0.02,0.02,0.03,0.01,0.02,0.04,0.06,0.02,0.06,0.06,0.04
1619,Div Payout,6.9,20.2,—,—,—,—,—,—,—,—,—
1619,Shares,"1,933","1,933","1,933","1,933","1,933","1,933","1,933","1,933","1,933","1,933","1,933"
1619,BVPS,4.06,3.54,—,—,—,—,—,—,—,—,—
1619,OCF,"-1,883","1,523",-763,"1,116",232,-99,883,"-1,549",484,132,806
1619,FCF,"-2,836",632,"-1,863",287,-587,"-1,207",-17,"-2,508",-410,-124,736
1619,NP Margin,5.10,4.21,0.98,3.90,-3.77,-8.15,2.19,3.22,4.38,18.80,6.94
1619,ROE,9.27,7.15,1.58,6.69,-6.17,-12.41,3.83,6.34,8.68,30.57,6.34
1619,Revenue GR,28.31,3.06,-2.44,6.07,-0.94,-11.07,-3.61,8.12,90.96,119.21,—
1619,Revenue GR 3Y avg,—,2.35,0.83,-2.24,-5.31,-2.50,25.78,65.41,27.65,4.08,—
1619,Revenue GR 5Y avg,—,-0.69,-2.55,-0.53,11.88,31.15,16.74,18.41,26.77,18.81,—
1619,Revenue GR 10Y avg,—,7.06,7.42,12.29,15.29,13.20,11.75,—,—,—,—
1619,NP GR,—,—,—,22.46,—,—,-37.56,20.21,1.93,21.25,—
1619,NP GR 3Y avg,—,11.41,-15.03,0.09,—,—,-10.35,-8.83,10.43,52.55,—
1619,NP GR 5Y avg,—,0.71,-11.99,5.13,—,—,4.73,—,—,—,—
1619,NP GR 10Y avg,0.0,0.0,0.0,0.0,0.0,0.0,0.0,0.0,0.0,0.0,0.0
1619,EPS GR,-90.18,135.67,-75.33,—,—,—,-34.28,-20.60,-55.50,493.41,—
1619,EPS GR 3Y avg,—,—,—,18.41,—,—,-38.54,27.99,6.80,12.15,—
1619,EPS GR 5Y avg,—,11.23,-23.09,-2.83,—,—,-8.66,-13.00,0.55,47.84,—
1619,EPS GR 10Y avg,—,1.50,-18.20,-1.16,—,—,0.81,—,—,—,—
1619,OCF GR,—,—,—,381.28,—,—,—,—,267.39,-83.66,—
1619,FCF GR,—,—,—,—,—,—,—,—,—,—,—
1619,D/E,0.69,0.68,0.52,0.51,0.58,0.57,0.58,0.73,0.52,0.56,—
1619,Price,1.9200,2.0800,2.3800,1.9000,1.7000,2.4400,1.4000,1.0200,1.9700,2.4700,2.5300
1651,Year End,TTM,2020-12,2019-12,2018-12,2017-12,2016-12,2015-12,2014-12,2013-12,2012-12,2011-12
1651,Revenue,"1,000","1,199","1,319","1,871","2,824","2,408","1,697","1,515",941,"1,283","1,213"
1651,NP,-187,-176,24,101,168,267,330,153,-109,60,92
1651,EPS,-0.04,-0.04,0.01,0.02,0.06,0.14,0.16,0.08,-0.06,0.04,0.06
1651,DPS,0.01,0.01,0.02,0.02,0.02,0.02,0.02,0.01,—,0.02,0.01
1651,Div Payout,—,—,426.8,30.8,22.1,41.9,15.8,11.1,—,46.0,19.2
1651,Shares,"4,423","4,423","4,420","4,392","2,571","1,938","2,046","1,958","1,695","1,589","1,590"
1651,BVPS,1.02,1.03,1.08,1.09,0.68,1.08,1.11,0.97,0.88,0.89,0.81
1651,OCF,—,242,-246,988,"-1,127",157,140,-178,43,-256,4
1651,FCF,217,218,-281,932,"-1,303",26,45,-222,36,-329,-344
1651,NP Margin,-18.70,-14.68,1.80,5.41,5.93,11.10,19.47,10.08,-11.60,4.69,6.39
1651,ROE,-3.99,-3.76,0.49,2.10,4.32,10.31,15.56,8.34,-7.06,4.33,5.85
1651,Revenue GR,-46.75,-9.09,-29.47,-33.75,17.26,41.92,12.01,60.99,-26.67,5.78,13.63
1651,Revenue GR 3Y avg,—,-24.83,-18.17,3.31,23.07,36.79,9.76,7.68,-4.12,11.66,15.44
1651,Revenue GR 5Y avg,—,-6.70,-2.72,14.73,17.09,14.70,9.71,10.45,3.60,7.26,18.10
1651,Revenue GR 10Y avg,—,1.17,3.65,9.02,12.07,16.39,18.01,—,—,—,—
1651,NP GR,—,—,-55.39,-32.60,3.16,—,76.47,18.41,—,17.06,—
1651,NP GR 3Y avg,—,—,-31.08,—,22.75,23.80,34.96,32.42,—,6.50,22.61
1651,NP GR 5Y avg,—,—,-4.46,—,14.34,23.21,37.91,—,—,—,—
1651,NP GR 10Y avg,0.0,0.0,0.0,0.0,0.0,0.0,0.0,0.0,0.0,0.0,0.0
1651,EPS GR,-65.71,—,-76.52,-64.72,-45.86,-25.41,107.17,—,—,-22.22,7.31
1651,EPS GR 3Y avg,—,—,-64.47,-47.77,-5.77,—,62.14,16.97,—,7.24,—
1651,EPS GR 5Y avg,—,—,-41.37,—,11.48,19.85,28.89,20.48,—,-0.05,6.49
1651,EPS GR 10Y avg,—,—,-15.95,—,5.55,12.98,28.72,—,—,—,—
1651,OCF GR,—,—,—,—,—,11.70,—,—,—,—,-98.43
1651,FCF GR,—,—,—,—,—,-41.62,—,—,—,—,—
1651,D/E,0.28,0.30,0.22,0.16,0.19,0.72,1.04,1.16,0.55,0.64,1.83
1651,Price,0.4600,0.4750,0.7300,0.6150,1.1200,1.3300,1.2800,1.2200,1.2900,1.5500,2.1600
1724,Year End,TTM,2020-12,2019-12,2018-12,2017-12,2016-12,2015-12,2014-12,2013-12,2012-12,2011-12
1724,Revenue,612,582,699,904,758,573,576,510,512,450,474
1724,NP,36,503,116,92,133,75,68,62,54,56,72
1724,EPS,0.03,0.77,0.17,0.15,0.22,0.12,0.11,0.12,0.11,0.11,0.14
1724,DPS,0.04,0.04,0.06,0.06,0.06,0.06,0.05,0.05,0.05,0.05,0.08
1724,Div Payout,129.8,83.2,43.4,41.9,26.8,60.4,51.1,42.6,48.2,47.9,53.0
1724,Shares,634,633,629,616,615,606,599,541,505,505,505
1724,BVPS,2.73,2.72,2.19,2.06,2.03,1.86,1.81,1.51,1.41,1.39,2.52
1724,OCF,82,94,239,124,66,9,88,45,79,137,13
1724,FCF,75,86,-102,10,-65,-11,48,-125,10,111,-139
1724,NP Margin,3.65,83.63,14.89,10.16,17.59,13.09,11.75,12.25,10.45,12.54,15.14
1724,ROE,1.26,31.70,7.82,7.32,11.25,6.74,6.63,7.44,7.50,8.23,10.98
1724,Revenue GR,24.32,-16.70,-22.70,19.17,32.31,-0.50,12.94,-0.40,13.78,-5.02,9.62
1724,Revenue GR 3Y avg,—,-8.45,6.82,16.20,14.13,3.83,8.58,2.48,5.81,3.59,5.92
1724,Revenue GR 5Y avg,—,0.20,6.49,12.03,11.00,3.88,5.91,4.72,5.13,8.44,5.22
1724,Revenue GR 10Y avg,—,3.02,5.61,8.53,9.71,4.55,—,—,—,—,—
1724,NP GR,—,55.61,15.67,10.70,28.77,11.92,6.23,-4.51,-28.80,-0.63,19.55
1724,NP GR 3Y avg,—,49.34,13.19,11.41,18.77,0.89,-14.51,1.66,4.96,2.75,3.01
1724,NP GR 5Y avg,—,12.99,7.27,8.14,10.47,1.95,—,—,—,—,—
1724,NP GR 10Y avg,0.0,0.0,0.0,0.0,0.0,0.0,0.0,0.0,0.0,0.0,0.0
1724,EPS GR,-99.51,364.71,12.26,-31.99,75.23,9.48,-2.16,8.99,-5.21,-21.33,31.28
1724,EPS GR 3Y avg,—,52.52,10.19,9.27,23.35,5.29,0.36,-6.68,-0.70,-3.45,15.21
1724,EPS GR 5Y avg,—,46.75,7.46,6.83,14.16,-2.73,0.86,-1.45,2.66,0.48,0.04
1724,EPS GR 10Y avg,—,21.66,2.91,4.72,7.10,-1.36,—,—,—,—,—
1724,OCF GR,—,-60.43,92.46,87.21,636.29,-89.71,93.22,-42.34,-42.47,924.73,-72.82
1724,FCF GR,—,—,—,—,—,—,—,—,-91.13,—,—
1724,D/E,0.47,0.48,0.52,0.35,0.54,0.38,0.41,0.28,0.38,0.34,0.18
1724,Price,0.8350,0.8250,1.2200,2.0400,1.7700,1.3900,1.6800,1.5400,1.5200,1.5000,1.5400
1818,Year End,TTM,2020-12,2019-12,2018-12,2017-12,2016-12,2015-12,2014-12,2013-12,2012-12,2011-12
1818,Revenue,861,779,480,523,522,473,488,471,440,427,381
1818,NP,434,378,186,224,223,194,199,198,173,151,151
1818,EPS,0.54,0.47,0.23,0.28,0.28,0.24,0.25,0.25,0.21,0.19,0.18
1818,DPS,0.43,0.27,0.22,0.26,0.25,0.23,0.23,0.21,0.20,0.18,0.16
1818,Div Payout,80.0,69.7,92.4,93.7,91.3,97.0,92.0,95.8,89.7,93.3,86.9
1818,Shares,809,809,809,809,808,807,805,803,801,799,798
1818,BVPS,0.95,0.98,0.91,0.98,0.97,0.98,0.94,0.84,0.96,1.09,1.07
1818,OCF,449,417,187,214,246,202,216,207,192,165,177
1818,FCF,432,401,166,201,237,191,200,194,152,147,159
1818,NP Margin,50.44,48.50,38.71,42.81,42.72,40.96,40.73,42.06,39.35,35.46,38.33
1818,ROE,58.07,45.47,22.72,25.97,25.95,23.16,25.59,25.42,20.52,17.45,17.07
1818,Revenue GR,56.67,62.21,-8.25,0.23,10.44,-3.07,3.48,7.15,2.98,12.00,15.12
1818,Revenue GR 3Y avg,—,14.26,0.52,2.38,3.47,2.43,4.52,7.31,9.91,12.79,9.52
1818,Revenue GR 5Y avg,—,9.81,0.37,3.54,4.10,4.39,8.04,9.63,8.66,-0.74,7.79
1818,Revenue GR 10Y avg,—,8.92,4.90,6.07,1.65,6.07,9.75,—,—,—,—
1818,NP GR,—,19.20,-1.36,4.10,4.01,3.81,9.46,9.41,14.39,-5.19,13.17
1818,NP GR 3Y avg,—,13.72,-1.28,5.30,8.05,5.05,11.42,2.21,10.63,-8.84,6.80
1818,NP GR 5Y avg,—,12.57,0.45,7.93,-0.76,5.92,9.40,—,—,—,—
1818,NP GR 10Y avg,0.0,0.0,0.0,0.0,0.0,0.0,0.0,0.0,0.0,0.0,0.0
1818,EPS GR,87.50,103.04,-16.97,0.36,15.00,-2.70,—,14.20,14.08,3.27,29.11
1818,EPS GR 3Y avg,—,19.16,-1.41,3.94,3.82,3.57,9.22,10.40,15.01,-5.45,13.12
1818,EPS GR 5Y avg,—,13.62,-1.39,5.10,7.83,5.53,11.68,1.95,11.26,-8.26,6.58
1818,EPS GR 10Y avg,—,12.64,0.26,8.14,-0.54,6.05,9.02,—,—,—,—
1818,OCF GR,—,123.57,-12.91,-12.93,21.88,-6.50,4.20,7.76,16.55,-6.75,14.96
1818,FCF GR,—,141.32,-17.46,-15.05,24.05,-4.68,3.07,27.75,3.85,-7.99,22.37
1818,D/E,0.01,0.01,0.01,0.01,0.01,—,—,—,—,—,—
1818,Price,8.9500,8.3000,6.0900,6.8400,10.1200,8.8500,8.3500,8.1000,8.2300,6.2200,6.7000
1899,Year End,TTM,2020-09,2019-09,2018-09,2017-09,2016-09,2015-09,2014-09,2013-09,2012-09,2011-09
1899,Revenue,"17,101","16,078","16,046","18,966","21,548","16,969","14,055","11,500",362,332,283
1899,NP,750,417,363,465,587,825,485,522,484,606,787
1899,EPS,1.89,1.05,0.92,0.91,1.45,2.03,1.19,1.26,1.17,1.45,1.86
1899,DPS,0.55,0.60,0.55,0.60,0.55,0.50,0.60,0.55,0.65,0.95,0.65
1899,Div Payout,29.0,55.3,49.5,44.7,34.9,50.4,53.1,40.8,47.9,54.5,34.8
1899,Shares,398,396,397,401,404,406,408,411,415,417,418
1899,BVPS,15.56,14.75,14.65,16.18,16.36,13.84,12.72,11.33,9.23,8.20,8.42
1899,OCF,"1,315","1,423","1,241",919,"1,556","1,399",538,815,96,68,51
1899,FCF,259,473,573,426,835,-422,-428,-208,30,—,-39
1899,NP Margin,4.39,2.60,2.27,2.45,2.72,4.86,3.45,4.54,133.61,182.69,275.29
1899,ROE,12.80,7.23,5.94,7.01,9.18,14.12,9.46,12.09,12.54,16.38,22.92
1899,Revenue GR,20.15,0.20,-15.40,-11.98,26.98,20.73,22.22,3076.48,9.19,17.10,26.16
1899,Revenue GR 3Y avg,—,-9.30,-1.85,10.50,23.28,260.56,248.68,243.74,17.28,11.66,-0.11
1899,Revenue GR 5Y avg,—,2.73,6.89,120.72,130.45,126.74,128.75,117.15,4.97,8.62,4.08
1899,Revenue GR 10Y avg,—,53.29,52.35,52.21,58.22,53.62,52.03,—,—,—,—
1899,NP GR,—,-10.73,-23.91,-1.35,4.00,19.49,-7.15,-12.83,-5.28,21.02,15.27
1899,NP GR 3Y avg,—,-2.96,-6.97,-0.77,-0.64,0.94,-3.16,8.83,-1.21,11.25,23.53
1899,NP GR 5Y avg,—,-3.06,0.62,-0.99,5.14,11.66,7.43,—,—,—,—
1899,NP GR 10Y avg,0.0,0.0,0.0,0.0,0.0,0.0,0.0,0.0,0.0,0.0,0.0
1899,EPS GR,—,14.83,-20.95,-20.11,-28.61,70.92,-6.23,8.93,-19.66,-22.25,38.97
1899,EPS GR 3Y avg,—,-10.16,-23.32,-0.85,4.59,20.41,-6.37,-12.04,-4.61,22.33,16.72
1899,EPS GR 5Y avg,—,-2.42,-6.29,-0.09,0.03,1.75,-2.38,9.89,-0.14,12.52,15.13
1899,EPS GR 10Y avg,—,-2.40,1.48,-0.11,6.09,8.23,4.10,—,—,—,—
1899,OCF GR,—,14.72,34.96,-40.92,11.26,160.11,-34.00,747.95,40.27,33.52,35.07
1899,FCF GR,—,-17.50,34.65,-49.02,—,—,—,—,—,—,—
1899,D/E,0.93,0.98,1.00,0.54,0.53,0.57,0.57,0.50,0.13,0.01,0.01
1899,Price,17.8000,15.0600,15.6800,17.0000,19.1200,18.1800,16.7800,19.1000,18.5000,18.0000,14.9600
1929,Year End,TTM,2020-08,2019-08,2018-08,2017-08,2016-08,2015-08,2014-08,2013-08,2012-08,2011-08
1929,Revenue,155,130,122,150,149,112,104,119,103,119,143
1929,NP,54,36,32,72,41,18,30,36,25,53,76
1929,EPS,0.59,0.39,0.35,0.78,0.44,0.19,0.33,0.39,0.27,0.58,0.83
1929,DPS,0.16,0.16,0.16,0.20,0.19,0.16,0.16,0.25,0.26,0.40,0.48
1929,Div Payout,27.1,50.8,41.1,25.9,42.7,65.4,58.8,69.7,109.9,57.6,77.9
1929,Shares,91,91,91,91,91,91,91,91,91,91,91
1929,BVPS,7.75,7.47,7.33,7.82,7.56,7.08,7.06,6.80,6.83,6.77,5.86
1929,OCF,48,37,28,25,39,16,9,35,26,39,58
1929,FCF,41,29,19,22,34,14,2,28,22,37,55
1929,NP Margin,34.86,27.72,26.29,48.12,27.27,15.83,29.30,30.30,24.30,44.18,53.03
1929,ROE,7.79,5.32,4.69,10.37,6.03,2.75,4.83,5.81,4.03,8.69,13.45
1929,Revenue GR,53.53,6.30,-18.55,0.86,32.55,7.82,-12.51,15.96,-14.02,-16.83,28.62
1929,Revenue GR 3Y avg,—,-4.42,2.88,12.96,7.73,3.04,-4.45,-6.05,-2.75,2.02,-4.64
1929,Revenue GR 5Y avg,—,4.53,0.54,7.90,4.51,-4.79,-1.37,1.15,-9.11,5.55,11.50
1929,Revenue GR 10Y avg,—,1.54,0.84,-0.97,5.03,3.03,—,—,—,—,—
1929,NP GR,—,-3.89,21.83,33.29,4.01,-10.68,-16.68,-22.04,-19.00,4.38,-8.03
1929,NP GR 3Y avg,—,3.38,-2.28,23.70,-5.10,-25.24,-8.26,-4.90,-23.92,5.31,27.57
1929,NP GR 5Y avg,—,-2.61,-3.60,-2.99,-0.03,-2.34,—,—,—,—,—
1929,NP GR 10Y avg,0.0,0.0,0.0,0.0,0.0,0.0,0.0,0.0,0.0,0.0,0.0
1929,EPS GR,304.75,12.09,-55.50,77.98,128.36,-41.74,-15.42,44.59,-52.70,-30.71,62.15
1929,EPS GR 3Y avg,—,-3.89,21.84,33.29,4.01,-10.68,-16.68,-22.03,-19.00,4.38,-8.03
1929,EPS GR 5Y avg,—,3.39,-2.28,23.70,-5.10,-25.24,-8.26,-4.90,-23.92,5.31,27.55
1929,EPS GR 10Y avg,—,-2.61,-3.60,-2.99,-0.03,-2.35,—,—,—,—,—
1929,OCF GR,—,29.88,12.22,-34.90,140.02,82.91,-74.93,37.12,-34.97,-31.52,57.50
1929,FCF GR,—,54.27,-14.69,-34.54,142.50,476.50,-91.41,26.61,-38.45,-33.42,54.76
1929,D/E,—,—,—,—,—,—,—,—,—,—,—
1929,Price,6.8000,5.9000,6.3000,7.5800,7.8500,7.7200,8.0100,9.6500,8.8400,9.0500,8.3000
1961,Year End,TTM,2020-06,2019-06,2018-06,2017-06,2016-06,2015-06,2014-06,2013-06,2012-06,2011-06
1961,Revenue,"9,827","7,799","7,383","7,415","14,124","11,736","11,539","11,850","12,146","15,640","16,154"
1961,NP,"1,273",600,632,"3,061",743,630,168,"3,373","1,970","1,789","2,223"
1961,EPS,0.20,0.10,0.10,0.48,0.12,0.10,0.01,0.53,0.31,0.28,0.33
1961,DPS,0.09,0.09,0.08,0.10,0.09,0.08,0.17,0.17,0.15,0.16,0.18
1961,Div Payout,41.8,130.6,83.4,36.9,158.7,55.3,289.5,38.4,47.1,53.8,—
1961,Shares,"6,266","6,279","6,285","6,284","6,288","6,306","6,364","6,388","6,407","6,419","6,489"
1961,BVPS,1.55,1.42,1.47,1.45,1.14,0.83,0.79,0.90,2.08,1.90,—
1961,OCF,969,872,"1,213","1,371","1,288","1,632","1,358","1,669","2,775","2,132",910
1961,FCF,593,462,794,926,789,"1,173",901,"1,314","2,293",551,477
1961,NP Margin,12.96,7.70,8.56,41.28,5.26,5.37,1.46,28.46,16.22,11.44,13.76
1961,ROE,13.69,6.46,6.85,36.84,10.18,10.33,3.03,34.23,14.98,14.53,19.52
1961,Revenue GR,40.62,5.65,-0.43,-47.50,20.35,1.71,-2.63,-2.43,-22.34,-3.18,—
1961,Revenue GR 3Y avg,—,-17.96,-14.32,-13.71,6.02,-1.14,-9.64,-9.81,-1.07,2.32,—
1961,Revenue GR 5Y avg,—,-7.53,-9.03,-9.40,-2.02,-6.19,-1.65,-4.09,-3.70,11.80,—
1961,Revenue GR 10Y avg,—,-4.64,-6.59,-6.59,4.66,6.75,—,—,—,—,—
1961,NP GR,—,-6.84,0.11,163.07,-39.60,-31.63,-54.54,14.91,-1.09,22.08,—
1961,NP GR 3Y avg,—,29.02,-28.47,9.21,-16.12,-22.30,-39.27,27.95,-2.46,3.84,—
1961,NP GR 5Y avg,—,-11.49,-4.33,3.21,-6.67,-2.71,—,—,—,—,—
1961,NP GR 10Y avg,0.0,0.0,0.0,0.0,0.0,0.0,0.0,0.0,0.0,0.0,0.0
1961,EPS GR,—,-4.78,-79.36,312.01,18.32,278.41,-95.00,71.71,10.29,-16.57,—
1961,EPS GR 3Y avg,—,-6.80,0.20,164.23,-39.28,-31.26,-54.42,16.47,0.82,20.18,—
1961,EPS GR 5Y avg,—,29.38,-28.24,9.63,-15.77,-21.45,-38.50,26.87,-2.07,4.70,—
1961,EPS GR 10Y avg,—,-10.80,-4.58,3.62,-6.09,14.42,—,—,—,—,—
1961,OCF GR,—,-28.07,-11.53,6.45,-21.10,20.22,-18.67,-39.85,30.19,134.32,—
1961,FCF GR,—,-41.86,-14.26,17.30,-32.69,30.23,-31.43,-42.71,316.30,15.37,—
1961,D/E,0.39,0.44,0.48,0.47,0.71,0.69,1.15,0.84,0.52,0.58,0.38
1961,Price,4.1900,4.3400,4.2500,4.5400,4.4500,4.3400,4.0600,5.2500,5.4400,5.1900,5.3000
1996,Year End,TTM,2020-12,2019-12,2018-12,2017-12,2016-12,2015-12,2014-12,2013-12,2012-12,2011-12
1996,Revenue,531,471,396,509,650,378,408,440,362,252,244
1996,NP,61,50,-1,-39,19,20,-5,11,15,40,74
1996,EPS,0.03,0.02,—,-0.02,—,0.01,—,—,—,0.02,0.04
1996,DPS,0.01,—,—,—,0.01,0.01,—,—,—,—,0.03
1996,Div Payout,38.3,—,—,—,70.9,—,—,—,—,—,—
1996,Shares,"2,328","2,328","2,328","2,328","2,328","2,328","2,328","2,328","11,638","2,328","1,748"
1996,BVPS,0.28,0.27,0.26,0.30,0.40,0.40,0.49,0.49,0.50,0.49,0.18
1996,OCF,110,81,50,38,54,15,38,13,35,15,90
1996,FCF,87,56,27,2,30,-3,23,-35,-39,-56,61
1996,NP Margin,11.45,10.70,-0.17,-7.60,2.90,5.33,-1.11,2.54,4.15,15.68,30.28
1996,ROE,9.70,8.13,-0.11,-5.08,2.06,2.19,-0.49,1.21,1.66,4.51,12.46
1996,Revenue GR,64.40,18.99,-22.28,-21.65,71.65,-7.29,-7.14,21.36,43.56,3.24,61.63
1996,Revenue GR 3Y avg,—,-10.18,1.49,7.63,13.90,1.47,17.39,21.61,33.80,28.05,20.77
1996,Revenue GR 5Y avg,—,2.89,-2.09,7.04,20.82,9.14,21.97,29.62,21.16,13.95,26.52
1996,Revenue GR 10Y avg,—,12.02,12.65,13.88,17.34,17.51,—,—,—,—,—
1996,NP GR,—,38.73,—,—,20.86,10.25,—,-47.54,-30.97,16.01,39.60
1996,NP GR 3Y avg,—,—,—,—,-13.77,-22.90,—,-15.86,-11.17,-4.50,81.98
1996,NP GR 5Y avg,—,0.97,—,—,-9.25,18.45,—,—,—,—,—
1996,NP GR 10Y avg,0.0,0.0,0.0,0.0,0.0,0.0,0.0,0.0,0.0,0.0,0.0
1996,EPS GR,409.09,—,—,—,-6.90,—,—,-28.36,-61.36,-59.05,-2.71
1996,EPS GR 3Y avg,—,38.67,—,—,19.06,9.10,—,-51.60,-46.40,-7.52,24.77
1996,EPS GR 5Y avg,—,—,—,—,-14.12,-27.13,—,-26.20,-21.02,-12.89,49.03
1996,EPS GR 10Y avg,—,-6.77,—,—,-13.51,4.21,—,—,—,—,—
1996,OCF GR,—,60.49,32.93,-30.30,256.92,-60.08,196.91,-63.70,130.64,-82.98,154.37
1996,FCF GR,—,111.12,—,-92.93,—,—,—,—,—,—,437.56
1996,D/E,0.01,0.01,0.01,0.01,0.02,0.03,0.04,0.05,0.05,0.02,0.01
1996,Price,0.6400,0.5750,0.4350,0.4100,0.5400,0.5450,0.4600,0.4500,3.7400,2.0100,2.3500
2038,Year End,TTM,2020-12,2019-12,2018-12,2017-12,2016-12,2015-12,2014-12,2013-12,2012-12,2011-12
2038,Revenue,68,62,51,62,89,85,85,89,75,85,113
2038,NP,7,1,-3,-2,9,9,5,-4,18,10,33
2038,EPS,0.11,0.02,-0.04,-0.02,0.14,0.04,0.07,-0.06,0.26,0.14,0.47
2038,DPS,0.05,0.05,0.05,0.06,0.06,0.03,0.06,0.09,0.09,0.24,0.42
2038,Div Payout,47.2,95.0,—,21.3,40.0,62.2,—,38.7,—,166.1,87.5
2038,Shares,70,70,70,70,70,70,70,70,70,70,70
2038,BVPS,7.79,7.65,7.76,8.04,8.05,7.83,5.53,5.55,5.47,5.36,4.52
2038,OCF,16,11,-5,-1,18,6,-2,5,9,21,42
2038,FCF,8,1,-13,-9,9,4,-5,—,4,17,41
2038,NP Margin,10.97,2.02,-5.07,-2.71,10.70,10.24,6.20,-4.02,24.50,11.89,29.44
2038,ROE,1.37,0.23,-0.47,-0.30,1.64,1.52,1.13,-0.93,4.79,2.69,9.59
2038,Revenue GR,40.58,23.20,-18.57,-29.83,4.65,-0.25,-4.67,19.26,-12.51,-24.58,30.66
2038,Revenue GR 3Y avg,—,-11.04,-15.75,-9.86,-0.17,4.28,-0.18,-7.68,-4.82,2.47,2.38
2038,Revenue GR 5Y avg,—,-5.98,-10.68,-3.59,0.75,-5.63,-0.40,2.34,-6.67,2.71,17.10
2038,Revenue GR 10Y avg,—,-3.23,-4.39,-5.14,1.73,5.12,—,—,—,—,—
2038,NP GR,—,-48.97,—,—,—,-22.03,-19.66,—,-10.66,-25.02,26.35
2038,NP GR 3Y avg,—,-24.87,—,—,-1.35,-23.60,-27.15,—,2.06,-23.27,8.39
2038,NP GR 5Y avg,—,-26.02,—,—,-13.00,-9.00,—,—,—,—,—
2038,NP GR 10Y avg,0.0,0.0,0.0,0.0,0.0,0.0,0.0,0.0,0.0,0.0,0.0
2038,EPS GR,-619.72,—,—,—,9.31,64.89,—,—,80.35,-69.55,29.89
2038,EPS GR 3Y avg,—,-49.01,—,—,—,-22.04,-19.67,—,-10.65,-25.03,26.35
2038,EPS GR 5Y avg,—,-24.89,—,—,-1.35,-23.60,-27.16,—,2.06,-23.28,8.28
2038,EPS GR 10Y avg,—,-26.04,—,—,-13.00,-9.05,—,—,—,—,—
2038,OCF GR,—,—,—,—,213.68,—,—,-42.72,-58.65,-49.26,58.99
2038,FCF GR,—,—,—,—,156.93,—,—,-96.57,-75.15,-57.23,65.36
2038,D/E,—,—,—,—,—,—,—,—,—,—,—
2038,Price,3.2600,3.2000,3.6000,3.1500,3.8000,4.0200,3.9800,5.0000,5.6000,5.6200,5.5500
2054,Year End,TTM,2020-12,2019-12,2018-12,2017-12,2016-12,2015-12,2014-12,2013-12,2012-12,2011-12
2054,Revenue,438,443,425,405,449,429,381,386,371,455,503
2054,NP,-6,-10,-200,-75,23,20,71,57,47,102,157
2054,EPS,—,-0.01,-0.12,-0.07,0.06,0.01,0.03,0.03,0.03,0.06,0.10
2054,DPS,—,—,—,0.01,—,0.01,0.01,0.01,0.03,0.03,0.03
2054,Div Payout,—,—,—,—,190.1,18.3,59.5,23.7,96.8,44.5,31.6
2054,Shares,"1,711","1,701","1,683","1,668","1,582","1,498","1,630","1,630","1,630","1,627","1,617"
2054,BVPS,0.45,0.45,0.55,0.72,0.81,0.89,0.81,0.78,0.72,0.76,0.45
2054,OCF,41,53,39,-14,97,66,83,76,73,106,174
2054,FCF,5,16,5,-45,-13,-61,-162,-96,-104,-20,122
2054,NP Margin,-1.34,-2.24,-47.02,-18.45,5.14,4.70,18.62,14.67,12.70,22.49,31.17
2054,ROE,-0.77,-1.29,-21.38,-5.88,1.67,1.45,5.10,4.39,3.80,8.59,16.88
2054,Revenue GR,-4.68,4.19,5.03,-9.82,4.72,12.53,-1.37,4.15,-18.57,-9.53,19.69
2054,Revenue GR 3Y avg,—,-0.44,-0.27,2.05,5.14,4.95,-5.78,-8.45,-4.11,10.54,9.73
2054,Revenue GR 5Y avg,—,3.06,1.94,1.77,-0.29,-3.16,-1.96,2.76,-0.54,11.25,20.95
2054,Revenue GR 10Y avg,—,0.52,2.35,0.61,5.32,8.22,—,—,—,—,—
2054,NP GR,—,—,—,—,-25.88,-24.67,-11.52,-28.79,-20.01,23.19,16.74
2054,NP GR 3Y avg,—,—,—,—,-25.78,-33.68,-5.07,0.67,-13.74,21.82,58.90
2054,NP GR 5Y avg,—,—,—,—,-4.91,2.66,—,—,—,—,—
2054,NP GR 10Y avg,0.0,0.0,0.0,0.0,0.0,0.0,0.0,0.0,0.0,0.0,0.0
2054,EPS GR,-51.02,—,—,—,19.85,-72.03,25.39,20.13,-54.06,-35.13,55.65
2054,EPS GR 3Y avg,—,—,—,—,-25.09,-25.03,-11.55,-28.99,-22.59,18.39,12.16
2054,EPS GR 5Y avg,—,—,—,—,-25.34,-33.96,-6.92,-1.75,-15.91,18.58,54.90
2054,EPS GR 10Y avg,—,—,—,—,-5.90,1.14,—,—,—,—,—
2054,OCF GR,—,35.72,—,—,47.70,-20.68,8.56,4.44,-31.22,-38.77,23.88
2054,FCF GR,—,246.11,—,—,—,—,—,—,—,—,22.79
2054,D/E,0.63,0.63,0.58,0.57,0.52,0.60,0.47,0.34,0.22,0.02,—
2054,Price,0.2700,0.3550,0.4200,0.1650,0.4500,0.6800,0.6950,0.8300,0.9500,3.3600,3.7600
2062,Year End,TTM,2020-06,2019-06,2018-06,2017-06,2016-06,2015-06,2014-06,2013-06,2012-06,2011-06
2062,Revenue,567,617,594,647,526,591,507,458,423,473,357
2062,NP,38,26,25,36,29,56,52,33,5,27,13
2062,EPS,0.10,0.06,0.06,0.09,0.07,0.14,0.13,0.08,0.01,0.07,0.03
2062,DPS,0.01,0.01,0.01,0.01,0.02,0.03,0.01,0.01,0.01,0.01,0.01
2062,Div Payout,10.4,16.0,11.9,16.2,24.1,18.1,9.3,66.3,13.4,27.5,—
2062,Shares,399,400,400,400,400,400,400,400,400,400,400
2062,BVPS,1.13,1.04,0.98,0.91,0.84,0.77,0.66,0.54,0.71,0.65,—
2062,OCF,100,79,28,66,45,49,78,104,-19,60,15
2062,FCF,97,56,-34,43,19,10,60,84,-40,35,-31
2062,NP Margin,6.75,4.20,4.21,5.55,5.45,9.51,10.22,7.30,1.20,5.75,3.70
2062,ROE,8.83,6.34,6.46,9.93,8.50,18.55,20.30,15.46,2.17,10.64,5.49
2062,Revenue GR,-2.63,3.92,-8.15,23.00,-11.01,16.53,10.80,8.25,-10.63,32.46,—
2062,Revenue GR 3Y avg,—,5.49,0.18,8.45,4.74,11.80,2.34,8.62,11.04,13.03,—
2062,Revenue GR 5Y avg,—,4.02,5.36,8.87,2.14,10.59,10.43,6.91,4.12,10.44,—
2062,Revenue GR 10Y avg,—,7.17,6.13,6.47,6.21,10.51,—,—,—,—,—
2062,NP GR,—,-3.26,-23.68,-11.49,-5.02,122.63,23.92,36.19,-35.75,1.25,—
2062,NP GR 3Y avg,—,-12.93,-5.65,47.79,1.02,33.55,21.95,4.97,-27.98,40.05,—
2062,NP GR 5Y avg,—,3.05,-0.48,3.17,18.94,30.37,—,—,—,—,—
2062,NP GR 10Y avg,0.0,0.0,0.0,0.0,0.0,0.0,0.0,0.0,0.0,0.0,0.0
2062,EPS GR,514.04,3.52,-30.32,25.45,-49.07,8.53,55.01,555.71,-81.28,105.82,—
2062,EPS GR 3Y avg,—,-3.28,-23.65,-11.49,-5.02,122.61,23.91,36.19,-35.74,1.26,—
2062,EPS GR 5Y avg,—,-12.94,-5.62,47.78,1.01,33.56,21.95,4.97,-27.98,40.06,—
2062,EPS GR 10Y avg,—,3.04,-0.47,3.17,18.94,30.37,—,—,—,—,—
2062,OCF GR,—,183.11,-57.41,46.67,-8.42,-37.47,-24.76,—,—,289.76,—
2062,FCF GR,—,—,—,128.18,85.64,-82.99,-28.87,—,—,—,—
2062,D/E,0.08,0.12,0.10,0.12,0.12,0.18,0.19,0.33,0.39,0.28,0.35
2062,Price,0.8650,0.5200,0.6600,0.7100,0.7000,0.9200,2.6600,1.8700,0.9000,0.8800,0.9700
2089,Year End,TTM,2020-12,2019-12,2018-12,2017-12,2016-12,2015-12,2014-12,2013-12,2012-12,2011-12
2089,Revenue,"1,421","1,340","1,173","1,306","1,474","1,228","1,004","1,022",950,"1,183","1,398"
2089,NP,393,400,283,372,391,329,292,278,252,342,374
2089,EPS,0.94,0.96,0.68,0.90,0.94,0.80,0.70,0.67,0.60,0.82,0.90
2089,DPS,0.25,0.25,0.20,0.20,0.20,0.20,0.20,0.21,0.28,0.28,0.23
2089,Div Payout,26.5,21.8,28.4,21.3,20.7,28.7,28.4,33.3,45.0,33.3,21.8
2089,Shares,415,415,415,416,416,416,416,416,416,416,416
2089,BVPS,6.52,6.37,6.15,6.13,5.93,5.55,5.35,5.08,5.22,5.17,4.77
2089,OCF,—,—,—,—,—,—,—,—,—,—,—
2089,FCF,288,275,173,383,421,86,151,289,210,336,310
2089,NP Margin,27.67,29.82,24.15,28.52,26.49,26.82,29.03,27.21,26.50,28.92,26.74
2089,ROE,14.74,15.47,11.05,14.66,16.06,14.33,13.37,12.88,11.59,16.51,19.85
2089,Revenue GR,25.32,14.23,-10.15,-11.44,20.02,22.32,-1.72,7.54,-19.70,-15.37,44.29
2089,Revenue GR 3Y avg,—,-3.13,-1.52,9.14,13.00,8.94,-5.32,-9.93,-0.66,13.16,10.70
2089,Revenue GR 5Y avg,—,5.94,2.80,6.56,4.49,-2.56,0.71,4.58,-1.62,11.91,18.54
2089,Revenue GR 10Y avg,—,3.29,3.69,2.39,8.14,7.47,5.39,6.85,7.60,15.04,—
2089,NP GR,—,0.76,-4.91,8.50,11.99,9.37,-5.20,-9.38,-1.60,6.81,7.64
2089,NP GR 3Y avg,—,6.51,0.38,8.14,2.67,-2.48,1.98,-0.20,-3.41,13.79,20.02
2089,NP GR 5Y avg,—,4.22,0.09,2.20,8.09,8.19,8.16,7.99,10.31,21.09,—
2089,NP GR 10Y avg,0.0,0.0,0.0,0.0,0.0,0.0,0.0,0.0,0.0,0.0,0.0
2089,EPS GR,-7.84,41.18,-24.02,-5.29,18.87,12.77,5.22,10.74,-26.67,-8.33,41.73
2089,EPS GR 3Y avg,—,0.53,-5.08,8.28,12.15,9.53,-5.10,-9.37,-1.60,6.92,7.74
2089,EPS GR 5Y avg,—,6.37,0.30,8.15,2.75,-2.45,2.11,-0.15,-3.41,13.92,20.11
2089,EPS GR 10Y avg,—,4.22,0.07,2.20,8.19,8.24,8.22,8.01,9.46,17.46,—
2089,OCF GR,—,35.13,-45.41,-7.90,165.58,-13.01,-34.48,18.86,-29.37,16.58,33.58
2089,FCF GR,—,58.69,-54.85,-8.88,390.16,-42.98,-47.89,37.77,-37.66,8.55,88.57
2089,D/E,—,—,—,—,—,—,—,—,—,—,—
2089,Price,14.4400,24.4000,26.0000,25.0000,19.0000,17.1000,13.9000,10.3000,12.7000,9.7500,7.0500
2127,Year End,TTM,2021-01,2020-01,2019-01,2018-01,2017-01,2016-01,2015-01,2014-01,2013-01,2012-01
2127,Revenue,"1,335",946,511,474,421,263,230,155,135,125,118
2127,NP,483,280,33,28,36,26,23,4,-19,-39,-21
2127,EPS,0.83,0.48,0.06,0.05,0.06,0.05,0.05,0.01,-0.07,-0.13,-0.07
2127,DPS,0.03,0.01,0.01,0.01,—,—,—,—,—,—,—
2127,Div Payout,3.6,5.5,26.4,24.6,—,—,—,—,—,—,—
2127,Shares,582,583,577,583,611,580,478,433,310,296,296
2127,BVPS,1.32,0.77,0.52,0.49,0.42,0.35,0.22,0.19,0.15,0.22,0.28
2127,OCF,410,263,74,11,29,23,8,-1,-7,14,-8
2127,FCF,260,134,23,-53,-6,-25,-24,-19,-28,12,-18
2127,NP Margin,36.19,29.61,6.50,5.88,8.52,9.84,10.22,2.74,-14.30,-30.85,-18.14
2127,ROE,88.27,62.77,11.28,10.66,15.90,13.37,17.01,6.47,-48.28,-61.55,-23.01
2127,Revenue GR,253.97,85.31,7.74,12.55,60.15,14.42,48.08,15.23,7.41,6.45,-15.58
2127,Revenue GR 3Y avg,—,30.98,24.76,27.29,39.48,24.99,22.38,9.63,-1.17,-5.18,-4.77
2127,Revenue GR 5Y avg,—,32.72,26.90,28.61,27.42,17.42,10.50,1.08,-0.25,4.34,2.33
2127,Revenue GR 10Y avg,—,21.10,13.26,13.26,15.30,9.62,9.67,—,—,—,—
2127,NP GR,—,98.37,8.66,5.90,103.53,—,—,—,—,—,—
2127,NP GR 3Y avg,—,64.19,50.78,—,—,—,—,-4.08,—,—,—
2127,NP GR 5Y avg,—,—,20.26,—,—,—,66.87,—,—,—,—
2127,NP GR 10Y avg,0.0,0.0,0.0,0.0,0.0,0.0,0.0,0.0,0.0,0.0,0.0
2127,EPS GR,—,736.00,20.04,-25.39,43.95,-13.06,423.47,—,—,—,—
2127,EPS GR 3Y avg,—,95.63,8.84,-2.26,87.11,—,—,—,—,—,—
2127,EPS GR 5Y avg,—,56.44,42.46,—,—,—,—,-20.24,—,—,—
2127,EPS GR 10Y avg,—,—,6.59,—,—,—,51.38,—,—,—,—
2127,OCF GR,—,254.54,591.22,-63.38,29.01,170.85,—,—,—,—,—
2127,FCF GR,—,470.65,—,—,—,—,—,—,—,—,—
2127,D/E,0.02,0.03,0.09,0.09,—,—,—,—,—,—,0.19
2127,Price,2.7600,3.1400,0.9000,0.8600,1.1000,0.7000,0.7800,0.6950,0.3600,0.1650,0.1700
2135,Year End,TTM,2020-12,2019-12,2018-12,2017-12,2016-12,2015-12,2014-12,2013-12,2012-12,2011-12
2135,Revenue,11,9,7,7,16,11,9,9,10,15,17
2135,NP,-4,-7,3,2,6,4,8,1,4,3,10
2135,EPS,-0.02,-0.02,0.01,0.01,0.02,0.02,0.03,—,0.01,0.01,0.04
2135,DPS,0.03,0.03,0.03,0.03,0.03,0.03,0.02,0.02,0.02,0.07,0.07
2135,Div Payout,—,—,—,139.9,141.6,149.3,73.9,159.6,—,604.9,—
2135,Shares,269,269,269,269,269,269,269,269,269,269,269
2135,BVPS,1.05,1.04,1.07,1.16,1.16,1.08,1.09,1.08,1.00,1.02,1.29
2135,OCF,-4,-4,-4,-2,4,-1,-3,-2,3,4,-2
2135,FCF,-9,-9,-13,-7,4,-1,-6,-4,3,4,-7
2135,NP Margin,-38.46,-71.48,47.02,29.04,35.90,39.04,86.28,10.72,35.36,19.50,54.91
2135,ROE,-1.46,-2.29,1.11,0.72,1.78,1.46,2.73,0.35,1.27,1.04,3.05
2135,Revenue GR,84.39,33.80,-7.58,-51.93,36.39,23.10,-2.68,-6.96,-31.52,-14.77,56.63
2135,Revenue GR 3Y avg,—,-15.92,-15.38,-6.89,17.78,3.69,-14.73,-18.41,-2.95,5.59,2.49
2135,Revenue GR 5Y avg,—,-0.04,-6.20,-6.08,0.81,-8.24,-3.71,-5.59,-8.87,1.78,2.76
2135,Revenue GR 10Y avg,—,-1.89,-5.90,-7.49,1.29,-2.89,—,—,—,—,—
2135,NP GR,—,—,-9.96,-35.23,76.21,7.16,40.00,-52.67,—,-57.14,-23.88
2135,NP GR 3Y avg,—,—,26.07,-9.70,13.90,-14.29,—,-51.23,-30.19,-36.22,-12.14
2135,NP GR 5Y avg,—,—,-21.59,-20.61,-14.77,-13.22,—,—,—,—,—
2135,NP GR 10Y avg,0.0,0.0,0.0,0.0,0.0,0.0,0.0,0.0,0.0,0.0,0.0
2135,EPS GR,-48.92,—,50.00,-61.29,25.25,-44.25,678.95,-71.64,24.07,-69.73,—
2135,EPS GR 3Y avg,—,—,-10.07,-35.35,75.86,7.18,39.94,-52.60,—,-57.14,-23.88
2135,EPS GR 5Y avg,—,—,25.86,-9.80,13.86,-14.29,—,-51.19,-30.20,-36.22,-12.14
2135,EPS GR 10Y avg,—,—,-21.62,-20.66,-14.78,-13.22,—,—,—,—,—
2135,OCF GR,—,—,—,—,—,—,—,—,-23.54,—,—
2135,FCF GR,—,—,—,—,—,—,—,—,-20.74,—,—
2135,D/E,—,—,—,—,—,—,—,—,—,—,—
2135,Price,0.9300,0.6650,0.7000,0.6500,1.3600,1.2000,1.2700,0.8300,0.7400,0.7200,0.6600
2186,Year End,TTM,2020-06,2019-06,2018-06,2017-06,2016-06,2015-06,2014-06,2013-06,2012-06,2011-06
2186,Revenue,7,7,7,8,6,7,6,6,6,4,4
2186,NP,14,3,2,52,45,-45,23,55,47,-14,-5
2186,EPS,0.11,0.02,0.02,0.07,0.36,-0.36,0.19,0.45,0.39,-0.11,-0.04
2186,DPS,0.01,0.01,—,0.01,—,—,—,—,—,—,—
2186,Div Payout,9.1,—,0.3,1.2,—,—,0.2,0.9,0.3,1.8,—
2186,Shares,124,124,124,124,124,124,124,123,121,121,121
2186,BVPS,3.83,3.29,3.97,4.40,3.99,3.88,3.49,2.81,2.68,2.28,—
2186,OCF,-1,-1,-1,-1,—,—,—,—,-1,—,—
2186,FCF,-1,-1,-1,-1,—,—,—,—,-1,—,—
2186,NP Margin,196.46,37.27,32.57,665.80,764.52,-650.54,401.00,982.95,794.84,-387.73,-139.73
2186,ROE,3.07,0.58,0.43,9.63,9.09,-9.60,5.42,15.80,15.70,-5.14,-1.75
2186,Revenue GR,-20.81,4.97,-11.62,32.61,-15.10,19.09,3.01,-4.03,58.64,4.19,—
2186,Revenue GR 3Y avg,—,7.15,-0.17,10.27,1.37,5.59,16.18,16.62,14.21,6.51,—
2186,Revenue GR 5Y avg,—,4.46,4.07,5.80,9.66,14.24,8.05,12.97,0.89,—,—
2186,Revenue GR 10Y avg,—,6.24,8.43,3.31,—,—,—,—,—,—,—
2186,NP GR,—,-60.85,—,30.57,-6.78,—,—,—,-12.24,—,—
2186,NP GR 3Y avg,—,-35.04,-47.35,2.12,—,—,-19.54,—,22.48,—,—
2186,NP GR 5Y avg,—,-27.71,—,11.84,—,—,—,—,—,—,—
2186,NP GR 10Y avg,0.0,0.0,0.0,0.0,0.0,0.0,0.0,0.0,0.0,0.0,0.0
2186,EPS GR,-81.88,20.44,-95.68,15.47,—,—,-58.31,16.54,—,—,—
2186,EPS GR 3Y avg,—,-60.83,—,30.60,-7.01,—,—,—,-12.22,—,—
2186,EPS GR 5Y avg,—,-35.01,-47.43,1.59,—,—,-19.95,—,22.50,—,—
2186,EPS GR 10Y avg,—,-27.87,—,11.56,—,—,—,—,—,—,—
2186,OCF GR,—,—,—,—,—,—,—,—,—,—,—
2186,FCF GR,—,—,—,—,—,—,—,—,—,—,—
2186,D/E,—,—,—,—,—,—,—,—,—,—,—
2186,Price,1.5700,1.2500,1.6500,2.1500,1.2400,1.1700,1.3300,1.4600,1.1600,0.8700,1.0500
2194,Year End,TTM,2020-12,2019-12,2018-12,2017-12,2016-12,2015-12,2014-12,2013-12,2012-12,2011-12
2194,Revenue,"4,412","4,355","4,561","4,984","4,160","4,327","2,943","8,766","7,445","7,382","9,337"
2194,NP,442,375,255,220,225,550,"1,664",493,229,922,833
2194,EPS,0.14,0.12,0.08,0.07,0.07,0.18,0.55,0.16,0.07,0.30,0.10
2194,DPS,0.06,0.06,0.04,0.04,0.04,0.03,0.04,0.03,0.04,0.04,0.04
2194,Div Payout,41.4,51.7,40.0,63.5,29.8,32.4,6.2,27.5,57.0,13.6,26.6
2194,Shares,"3,045","3,045","3,045","3,045","3,045","3,045","3,045","3,045","3,045","3,045","3,045"
2194,BVPS,3.18,3.08,2.99,3.11,3.12,3.01,2.93,2.40,2.37,2.31,2.17
2194,OCF,"1,938","2,185","2,256","1,128","1,141",752,"1,053","3,186","2,119","2,819","3,284"
2194,FCF,"1,117","1,367","1,697",253,550,166,205,752,"-1,117",675,"2,912"
2194,NP Margin,10.02,8.62,5.59,4.42,5.42,12.70,56.54,5.62,3.07,12.49,3.58
2194,ROE,4.64,3.98,2.70,2.31,2.37,5.92,20.10,6.70,3.21,13.90,5.22
2194,Revenue GR,5.23,-4.52,-8.48,19.80,-3.86,47.00,-66.42,17.73,0.86,-20.94,5.34
2194,Revenue GR 3Y avg,—,1.54,1.77,19.19,-22.00,-16.55,-26.40,-2.08,-5.65,-4.38,3.00
2194,Revenue GR 5Y avg,—,8.15,-12.25,-7.71,-10.84,-14.26,-19.79,0.75,-2.72,5.23,26.88
2194,Revenue GR 10Y avg,—,-6.86,-5.97,-5.25,-3.14,4.30,4.32,—,—,—,—
2194,NP GR,—,18.52,-22.57,-49.05,-22.96,33.96,21.77,-16.05,-34.19,13.75,-2.24
2194,NP GR 3Y avg,—,-25.76,-12.34,-0.76,-24.55,-7.98,15.71,-4.68,-23.82,1.37,7.93
2194,NP GR 5Y avg,—,-7.32,-8.59,-13.05,-12.54,-0.34,13.21,—,—,—,—
2194,NP GR 10Y avg,0.0,0.0,0.0,0.0,0.0,0.0,0.0,0.0,0.0,0.0,0.0
2194,EPS GR,115.79,46.43,16.67,-2.70,-59.12,-66.85,237.04,116.00,-75.25,175.45,-2.65
2194,EPS GR 3Y avg,—,18.46,-22.58,-49.10,-22.99,34.13,21.69,13.77,-12.77,57.20,-14.01
2194,EPS GR 5Y avg,—,-25.78,-12.31,-0.81,-24.57,10.47,37.03,15.74,-15.39,27.34,-2.99
2194,EPS GR 10Y avg,—,0.85,0.74,-8.39,-1.99,3.53,13.38,—,—,—,—
2194,OCF GR,—,-3.18,99.99,-1.14,51.80,-28.58,-66.96,50.32,-24.83,-14.16,59.43
2194,FCF GR,—,-19.43,570.09,-53.96,231.31,-18.87,-72.78,—,—,-76.82,92.94
2194,D/E,1.09,1.15,1.01,0.85,0.79,0.79,0.82,3.20,3.02,2.56,2.50
2194,Price,1.0300,0.9000,0.9850,0.8300,2.0500,2.3300,1.9600,2.3900,2.8800,2.6300,2.7700
2216,Year End,TTM,2021-03,2020-03,2019-03,2018-03,2017-03,2016-03,2015-03,2014-03,2013-03,2012-03
2216,Revenue,936,936,739,630,747,754,558,668,647,486,590
2216,NP,205,205,-63,-36,47,115,24,90,89,120,157
2216,EPS,0.23,0.23,-0.07,-0.04,0.03,0.13,0.03,0.11,0.11,0.15,0.19
2216,DPS,0.02,0.02,0.02,0.05,0.07,0.05,0.06,0.07,0.07,0.10,0.08
2216,Div Payout,8.5,24.7,68.0,—,105.1,57.5,105.8,43.5,97.7,79.1,27.4
2216,Shares,—,881,881,881,881,881,881,842,818,818,811
2216,BVPS,1.63,1.57,1.53,1.51,1.89,2.01,1.90,1.81,1.60,1.71,1.74
2216,OCF,—,—,—,—,—,—,—,—,—,—,—
2216,FCF,160,160,53,-38,-1,43,-134,-49,3,-112,38
2216,NP Margin,21.92,21.92,-8.58,-5.76,6.24,15.27,4.34,13.54,13.70,24.59,26.64
2216,ROE,15.62,15.62,-5.04,-2.46,2.74,6.76,1.50,6.04,6.38,8.61,11.70
2216,Revenue GR,26.10,26.59,17.16,-15.57,-0.86,35.17,-16.48,3.20,33.05,-17.64,16.62
2216,Revenue GR 3Y avg,—,7.79,-0.65,4.20,3.82,5.22,4.67,4.18,8.52,6.13,6.30
2216,Revenue GR 5Y avg,—,10.91,2.05,-0.50,8.97,5.00,1.95,10.42,5.65,0.34,16.80
2216,Revenue GR 10Y avg,—,6.33,6.15,2.53,4.57,10.74,8.59,—,—,—,—
2216,NP GR,—,63.82,—,—,-19.80,9.09,-41.29,-16.85,-15.55,14.58,8.49
2216,NP GR 3Y avg,—,53.33,—,—,-17.16,-6.06,-30.31,2.61,-6.37,-3.40,29.05
2216,NP GR 5Y avg,—,3.37,—,—,-10.54,10.10,-3.80,—,—,—,—
2216,NP GR 10Y avg,0.0,0.0,0.0,0.0,0.0,0.0,0.0,0.0,0.0,0.0,0.0
2216,EPS GR,-175.20,—,—,—,-59.45,375.27,-74.39,-0.92,-25.91,-24.63,6.53
2216,EPS GR 3Y avg,—,63.79,—,—,-20.98,6.43,-42.72,-17.90,-15.89,9.94,0.29
2216,EPS GR 5Y avg,—,53.31,—,—,-18.38,-7.60,-31.49,-0.50,-10.84,-8.24,21.44
2216,EPS GR 10Y avg,—,2.49,—,—,-13.46,5.93,-7.79,—,—,—,—
2216,OCF GR,—,61.87,50.94,-14.82,-39.87,221.10,-75.58,45.47,138.06,-66.34,6.05
2216,FCF GR,—,202.40,—,—,—,—,—,—,—,—,-53.20
2216,D/E,0.36,0.36,0.66,0.49,0.28,0.41,0.39,0.31,0.34,0.33,0.16
2216,Price,1.6800,1.6800,1.4400,1.5700,2.2000,3.2200,3.5800,3.3600,3.3500,3.0000,3.3000
2291,Year End,TTM,2020-12,2019-12,2018-12,2017-12,2016-12,2015-12,2014-12,2013-12,2012-12,2011-12
2291,Revenue,"2,464","2,496","2,264","1,901","1,804","1,480","1,375","1,643","1,384","1,233","1,336"
2291,NP,227,254,142,165,338,367,190,377,228,327,443
2291,EPS,0.25,0.28,0.17,0.20,0.40,0.41,0.24,0.47,0.30,0.43,0.58
2291,DPS,0.06,0.06,0.12,0.14,0.14,0.05,0.07,0.03,0.09,0.10,0.10
2291,Div Payout,23.7,22.5,104.0,43.8,29.0,18.0,19.4,6.9,33.5,23.2,21.6
2291,Shares,897,897,855,823,829,818,801,799,760,759,759
2291,BVPS,5.44,5.31,5.40,5.12,5.33,5.55,5.15,4.87,4.48,4.51,3.78
2291,OCF,471,450,295,256,596,352,148,491,332,192,535
2291,FCF,201,150,-83,-78,236,-50,-258,66,-91,-140,405
2291,NP Margin,9.20,10.19,6.27,8.68,18.72,24.83,13.80,22.96,16.46,26.52,33.07
2291,ROE,4.72,5.20,3.16,3.90,7.50,8.26,4.68,10.30,6.65,9.82,14.49
2291,Revenue GR,-5.70,10.26,19.13,5.34,21.90,7.65,-16.31,18.71,12.21,-7.71,35.19
2291,Revenue GR 3Y avg,—,11.43,15.22,11.40,3.17,2.26,3.69,7.12,11.87,17.75,8.86
2291,Revenue GR 5Y avg,—,12.67,6.62,6.55,7.90,2.06,6.82,16.81,5.96,6.35,18.31
2291,Revenue GR 10Y avg,—,9.71,11.60,6.26,7.13,9.89,10.15,—,—,—,—
2291,NP GR,—,-9.02,-27.15,-4.57,-3.62,17.28,-16.60,-5.19,-11.10,11.18,5.48
2291,NP GR 3Y avg,—,6.04,-17.74,-6.26,0.64,-3.65,-10.16,9.65,-9.60,-1.24,20.64
2291,NP GR 5Y avg,—,-2.40,-5.03,-7.94,-0.30,7.81,1.00,—,—,—,—
2291,NP GR 10Y avg,0.0,0.0,0.0,0.0,0.0,0.0,0.0,0.0,0.0,0.0,0.0
2291,EPS GR,-30.26,70.58,-17.02,-50.81,-9.35,89.70,-49.83,57.49,-30.46,-26.01,36.23
2291,EPS GR 3Y avg,—,-11.37,-28.21,-5.43,-4.80,14.44,-18.10,-6.77,-11.17,11.61,5.93
2291,EPS GR 5Y avg,—,3.67,-18.84,-7.74,-1.13,-5.06,-11.15,8.77,-9.36,-0.86,20.75
2291,EPS GR 10Y avg,—,-4.03,-6.04,-8.56,-0.99,7.07,0.40,—,—,—,—
2291,OCF GR,—,52.48,15.27,-57.06,69.36,138.32,-69.94,47.83,73.06,-64.13,12.88
2291,FCF GR,—,—,—,—,—,—,—,—,—,—,10.77
2291,D/E,0.47,0.47,0.43,0.55,0.59,0.50,0.53,0.26,0.25,0.21,0.13
2291,Price,9.1000,9.8500,10.5800,9.8600,10.5000,10.8000,10.6000,10.0000,11.0400,9.0000,8.6000
