code,detail,TTM,Y1,Y2,Y3,Y4,Y5,Y6,Y7,Y8,Y9,Y10
7412,Year End,TTM,2020-06,2019-06,2018-06,2017-06,2016-06,2015-06,2014-06,2013-06,2012-06,2011-06
7412,Revenue,107,104,97,119,113,112,105,105,92,95,93
7412,NP,1,-3,-8,-10,5,12,7,8,2,-3,-1
7412,EPS,0.01,-0.03,-0.08,-0.10,0.05,0.12,0.07,0.08,0.02,-0.03,-0.01
7412,DPS,—,—,—,0.03,0.05,0.05,0.01,—,—,—,0.01
7412,Div Payout,—,—,—,—,94.6,33.9,22.0,—,—,—,—
7412,Shares,100,100,100,100,100,100,100,100,100,100,100
7412,BVPS,0.70,0.69,0.69,0.77,0.87,0.87,0.77,0.73,0.66,0.65,—
7412,OCF,-13,-1,-2,-2,-5,19,3,11,7,1,-3
7412,FCF,-14,-2,-4,-6,-8,17,2,10,6,1,-5
7412,NP Margin,0.76,-2.57,-8.21,-8.02,4.64,10.55,6.28,7.81,1.69,-2.97,-1.35
7412,ROE,1.16,-4.04,-11.18,-11.70,6.00,14.02,8.45,11.60,2.34,-4.23,-1.81
7412,Revenue GR,19.01,7.04,-18.31,4.99,1.43,6.72,-0.57,15.09,-3.84,2.90,—
7412,Revenue GR 3Y avg,—,-2.81,-4.54,4.35,2.48,6.89,3.24,4.43,-10.16,-10.92,—
7412,Revenue GR 5Y avg,—,-0.13,-1.59,5.39,3.56,3.86,-3.67,-4.79,-9.56,-13.27,—
7412,Revenue GR 10Y avg,—,-1.91,-3.20,-2.37,-5.23,-6.07,—,—,—,—,—
7412,NP GR,—,—,—,—,-13.88,96.78,—,—,-32.43,—,—
7412,NP GR 3Y avg,—,—,—,—,—,—,5.59,—,—,—,—
7412,NP GR 5Y avg,—,—,—,—,—,8.66,—,—,—,—,—
7412,NP GR 10Y avg,0.0,0.0,0.0,0.0,0.0,0.0,0.0,0.0,0.0,0.0,0.0
7412,EPS GR,-756.76,—,—,—,-55.40,79.12,-20.04,431.29,—,—,—
7412,EPS GR 3Y avg,—,—,—,—,-13.88,96.69,—,—,-32.39,—,—
7412,EPS GR 5Y avg,—,—,—,—,—,—,5.60,—,—,—,—
7412,EPS GR 10Y avg,—,—,—,—,—,8.66,—,—,—,—,—
7412,OCF GR,—,—,—,—,—,498.45,-72.40,68.15,578.53,—,—
7412,FCF GR,—,—,—,—,—,720.96,-80.42,66.49,934.74,—,—
7412,D/E,0.09,0.10,—,—,—,—,—,—,—,—,0.01
7412,Price,1.1100,0.3850,0.4350,0.6800,1.5400,2.2400,1.2000,0.9600,0.3200,0.3300,0.3000
7439,Year End,TTM,2021-01,2020-01,2019-01,2018-01,2017-01,2016-01,2015-01,2014-01,2013-01,2012-01
7439,Revenue,452,461,274,302,388,377,211,264,202,169,205
7439,NP,2,8,3,3,-2,12,8,-2,7,-25,4
7439,EPS,0.05,0.20,0.08,0.06,0.03,0.30,0.21,-0.05,0.17,-0.61,0.09
7439,DPS,—,—,—,—,—,—,—,—,—,—,—
7439,Div Payout,—,—,—,—,—,—,—,—,—,—,—
7439,Shares,40,40,40,40,40,40,40,40,40,40,40
7439,BVPS,1.46,1.48,1.37,2.47,2.50,2.53,2.06,1.84,1.88,1.10,1.38
7439,OCF,-15,48,-26,19,15,-2,-13,8,7,9,-15
7439,FCF,-29,34,-30,18,15,-2,-14,7,6,8,-17
7439,NP Margin,0.48,1.73,1.15,0.84,-0.46,3.18,3.95,-0.78,3.46,-14.50,1.84
7439,ROE,3.76,14.20,6.24,3.36,-1.76,12.36,10.01,-2.70,9.51,-39.13,7.06
7439,Revenue GR,-14.13,68.41,-9.36,-22.17,2.81,79.18,-20.25,30.55,19.35,-17.42,23.02
7439,Revenue GR 3Y avg,—,5.91,-10.15,12.76,13.68,23.10,7.51,8.77,6.63,26.50,21.08
7439,Revenue GR 5Y avg,—,16.96,0.72,8.34,18.01,12.95,4.77,25.83,11.84,16.62,24.29
7439,Revenue GR 10Y avg,—,10.70,12.57,10.08,17.32,18.49,9.97,—,—,—,—
7439,NP GR,—,—,-35.87,-32.80,—,19.58,—,—,3.68,—,—
7439,NP GR 3Y avg,—,-0.79,—,-18.49,—,25.96,5.73,—,—,—,—
7439,NP GR 5Y avg,—,2.42,—,—,—,—,10.15,—,—,—,—
7439,NP GR 10Y avg,0.0,0.0,0.0,0.0,0.0,0.0,0.0,0.0,0.0,0.0,0.0
7439,EPS GR,-135.70,152.79,25.28,—,—,44.20,—,—,—,—,-39.92
7439,EPS GR 3Y avg,—,—,-35.87,-32.79,—,19.59,—,—,3.67,—,—
7439,EPS GR 5Y avg,—,-0.78,—,-18.48,—,25.97,5.73,—,—,—,—
7439,EPS GR 10Y avg,—,2.42,—,—,—,—,10.15,—,—,—,—
7439,OCF GR,—,—,—,22.35,—,—,—,14.65,-25.47,—,—
7439,FCF GR,—,—,—,18.72,—,—,—,15.23,-31.01,—,—
7439,D/E,0.37,0.37,0.27,—,—,—,—,0.11,0.22,0.36,0.64
7439,Price,1.5500,1.1500,1.3600,0.8200,1.3100,2.1500,1.7500,0.8500,0.8000,0.6400,0.6800
7471,Year End,TTM,2018-12,2017-12,2016-12,2015-12,2014-12,2013-12,2012-12,2011-12,2010-12,2009-12
7471,Revenue,56,60,50,51,54,72,92,92,173,210,229
7471,NP,4,-8,-18,-23,-43,-9,-7,11,11,-3,2
7471,EPS,0.01,-0.03,-0.06,-0.07,-0.10,-0.03,-0.02,0.03,0.04,-0.01,0.01
7471,DPS,—,—,—,—,—,—,—,—,—,—,—
7471,Div Payout,—,—,—,—,—,—,—,—,—,—,—
7471,Shares,"1,083",744,311,311,311,311,311,311,311,311,311
7471,BVPS,0.60,—,—,—,—,—,—,—,—,—,—
7471,OCF,-1,3,-11,-1,-11,11,1,2,33,36,25
7471,FCF,-2,2,-11,-1,-12,8,—,1,32,32,11
7471,NP Margin,7.25,-13.21,-35.47,-44.97,-79.91,-12.30,-7.43,11.62,6.39,-1.54,0.79
7471,ROE,1.65,-3.22,-7.06,-9.38,-16.93,-3.15,-2.37,3.73,4.01,-1.07,0.54
7471,Revenue GR,-66.78,19.20,-2.32,-4.70,-25.02,-21.69,-0.08,-47.08,-17.51,—,—
7471,Revenue GR 3Y avg,—,3.53,-11.29,-17.59,-16.28,-25.46,-24.16,-26.28,-11.68,—,—
7471,Revenue GR 5Y avg,—,-8.21,-11.39,-21.61,-23.85,-20.70,-18.29,-18.15,-6.18,—,—
7471,Revenue GR 10Y avg,—,-13.39,-14.84,-14.24,—,—,—,—,—,—,—
7471,NP GR,—,—,—,—,—,—,—,80.57,—,—,—
7471,NP GR 3Y avg,—,—,—,—,—,—,—,88.70,-33.51,—,—
7471,NP GR 5Y avg,—,—,—,—,—,—,—,—,—,—,—
7471,NP GR 10Y avg,0.0,0.0,0.0,0.0,0.0,0.0,0.0,0.0,0.0,0.0,0.0
7471,EPS GR,-142.50,—,—,—,—,—,—,-3.66,—,—,—
7471,EPS GR 3Y avg,—,—,—,—,—,—,—,80.66,—,—,—
7471,EPS GR 5Y avg,—,—,—,—,—,—,—,89.49,-33.03,—,—
7471,EPS GR 10Y avg,—,—,—,—,—,—,—,—,—,—,—
7471,OCF GR,—,—,—,—,—,923.42,-34.25,-95.32,-7.27,—,—
7471,FCF GR,—,—,—,—,—,—,-70.66,-97.10,1.49,—,—
7471,D/E,0.15,0.12,0.17,0.28,0.41,0.43,0.49,0.51,0.49,0.68,0.66
7471,Price,0.1750,0.1650,0.1250,0.0950,0.1750,0.1800,0.2250,0.2500,0.3200,0.2800,0.3100
7498,Year End,TTM,2020-12,2019-12,2018-12,2017-12,2016-12,2015-12,2014-12,2013-12,2012-12,2011-12
7498,Revenue,56,53,55,71,84,88,97,101,99,92,106
7498,NP,1,—,-3,-9,-7,-2,2,—,—,-1,2
7498,EPS,0.02,—,-0.06,-0.20,-0.15,-0.05,0.06,0.01,0.01,-0.03,0.04
7498,DPS,—,—,—,—,—,—,—,—,—,—,—
7498,Div Payout,—,—,—,—,—,—,—,—,—,—,—
7498,Shares,51,47,46,46,42,42,42,42,42,40,39
7498,BVPS,0.83,0.73,0.90,0.55,0.80,0.88,0.91,0.84,0.85,0.83,0.79
7498,OCF,4,4,9,2,-3,1,4,5,2,4,6
7498,FCF,3,3,7,1,-5,-1,2,4,1,2,3
7498,NP Margin,2.29,0.25,-4.84,-13.20,-7.69,-2.53,2.54,0.41,0.40,-1.08,1.43
7498,ROE,3.21,0.32,-6.39,-25.80,-19.72,-5.97,6.62,1.15,1.12,-2.86,4.46
7498,Revenue GR,18.09,-3.79,-22.42,-15.66,-4.10,-9.09,-4.15,2.23,7.06,-12.74,5.45
7498,Revenue GR 3Y avg,—,-14.29,-14.39,-9.74,-5.81,-3.78,1.61,-1.52,-0.50,2.06,-1.60
7498,Revenue GR 5Y avg,—,-11.31,-11.37,-6.35,-1.77,-3.61,-0.70,3.08,-2.30,-1.73,0.37
7498,Revenue GR 10Y avg,—,-6.15,-4.42,-4.35,-1.75,-1.64,—,—,—,—,—
7498,NP GR,—,—,—,—,—,—,—,-35.19,-25.70,—,9.68
7498,NP GR 3Y avg,—,-44.28,—,—,—,—,20.64,-37.49,-19.22,—,—
7498,NP GR 5Y avg,—,-18.01,—,—,—,—,—,—,—,—,—
7498,NP GR 10Y avg,0.0,0.0,0.0,0.0,0.0,0.0,0.0,0.0,0.0,0.0,0.0
7498,EPS GR,-133.70,—,—,—,—,—,498.98,4.26,—,—,5.83
7498,EPS GR 3Y avg,—,—,—,—,—,—,—,-27.20,-26.83,—,-2.49
7498,EPS GR 5Y avg,—,-45.59,—,—,—,—,19.59,-37.57,-19.26,—,—
7498,EPS GR 10Y avg,—,-19.33,—,—,—,—,—,—,—,—,—
7498,OCF GR,—,-57.11,424.21,—,—,-70.81,-23.33,108.49,-46.24,-23.59,-37.98
7498,FCF GR,—,-54.99,—,—,—,—,-46.82,386.95,-53.19,-41.42,-36.17
7498,D/E,0.03,0.03,0.07,0.09,0.13,0.05,0.04,0.09,0.17,0.20,0.25
7498,Price,1.2200,0.8900,0.2800,0.2150,0.5300,0.6600,0.8600,0.7500,0.4500,0.5000,0.5500
7544,Year End,TTM,2021-01,2020-01,2019-01,2018-01,2017-01,2016-01,2015-01,2014-01,2013-01,2012-01
7544,Revenue,142,142,133,126,105,141,187,174,152,275,211
7544,NP,-2,-2,-3,-11,-14,-8,6,-9,-10,1,—
7544,EPS,-0.03,-0.03,-0.05,-0.18,-0.22,-0.14,0.10,-0.15,-0.17,0.01,—
7544,DPS,—,—,—,—,—,—,—,—,—,—,0.07
7544,Div Payout,—,—,—,—,—,—,—,—,—,176.6,190.2
7544,Shares,58,58,58,58,58,58,58,58,58,58,58
7544,BVPS,1.68,1.70,1.74,1.96,2.06,2.25,2.10,2.39,2.51,2.64,2.57
7544,OCF,10,10,8,3,6,-4,5,15,-12,36,-20
7544,FCF,7,7,7,—,4,-12,2,13,-14,26,-25
7544,NP Margin,-1.38,-1.38,-2.26,-8.40,-13.12,-5.86,2.98,-4.98,-6.50,0.29,0.10
7544,ROE,-1.99,-1.99,-2.99,-9.74,-11.30,-6.22,4.16,-6.39,-6.82,0.53,0.14
7544,Revenue GR,50.80,6.71,5.57,19.87,-25.58,-24.67,7.49,14.62,-44.74,30.07,33.54
7544,Revenue GR 3Y avg,—,10.53,-1.98,-12.41,-15.54,-2.46,-12.03,-6.26,-1.36,37.86,25.68
7544,Revenue GR 5Y avg,—,-5.42,-5.28,-3.71,-17.52,-7.78,3.41,10.66,7.37,20.15,7.62
7544,Revenue GR 10Y avg,—,-1.10,2.38,1.68,-0.45,-0.38,3.92,—,—,—,—
7544,NP GR,—,—,—,—,—,—,91.67,—,—,—,—
7544,NP GR 3Y avg,—,—,—,—,—,—,-11.01,—,—,10.06,-54.92
7544,NP GR 5Y avg,—,—,—,—,—,—,13.52,—,—,—,—
7544,NP GR 10Y avg,0.0,0.0,0.0,0.0,0.0,0.0,0.0,0.0,0.0,0.0,0.0
7544,EPS GR,-32.40,—,—,—,—,—,—,—,—,-60.86,-79.72
7544,EPS GR 3Y avg,—,—,—,—,—,—,91.56,—,—,—,—
7544,EPS GR 5Y avg,—,—,—,—,—,—,-11.01,—,—,10.02,-28.56
7544,EPS GR 10Y avg,—,—,—,—,—,—,13.52,—,—,—,—
7544,OCF GR,—,22.46,221.64,-57.66,—,—,-67.78,—,—,—,—
7544,FCF GR,—,-0.22,—,—,—,—,-81.18,—,—,—,—
7544,D/E,0.05,0.05,0.06,0.04,0.07,0.07,0.08,0.08,0.10,0.12,0.11
7544,Price,0.9200,0.9200,1.0100,0.8300,0.9700,1.2000,1.5200,1.4000,1.4500,1.3600,1.3100
7595,Year End,TTM,2020-12,2019-12,2018-12,2017-12,2016-12,2015-12,2014-12,2013-12,2012-12,2011-12
7595,Revenue,579,563,756,751,693,93,37,8,10,22,35
7595,NP,22,14,13,32,34,—,10,—,-3,-2,—
7595,EPS,0.04,0.02,0.02,0.05,0.07,—,0.57,0.01,-0.14,-0.09,—
7595,DPS,—,—,—,—,—,—,—,—,—,—,—
7595,Div Payout,—,—,—,—,—,—,—,—,—,—,—
7595,Shares,592,592,588,589,477,294,18,23,19,19,19
7595,BVPS,0.84,0.81,0.78,0.76,0.57,0.11,1.28,-0.75,—,—,-0.55
7595,OCF,24,36,101,-63,-80,-13,-4,-16,2,—,1
7595,FCF,12,26,91,-94,-87,-13,-4,-16,2,—,1
7595,NP Margin,3.73,2.48,1.78,4.28,4.93,0.35,27.48,1.39,-27.56,-7.93,0.50
7595,ROE,5.27,3.46,3.47,8.15,10.44,0.24,40.39,4.70,—,—,—
7595,Revenue GR,10.25,-25.51,0.65,8.46,648.54,149.91,337.68,-14.73,-55.61,-35.66,359.13
7595,Revenue GR 3Y avg,—,-6.66,101.42,172.75,334.23,110.50,18.33,-37.55,9.46,36.56,14.61
7595,Revenue GR 5Y avg,—,72.36,145.61,137.60,98.73,21.65,37.39,-0.73,-15.53,-7.55,-0.28
7595,Revenue GR 10Y avg,—,53.88,56.15,41.67,35.55,10.14,—,—,—,—,—
7595,NP GR,—,-25.79,246.21,46.80,561.43,—,—,-12.22,—,—,—
7595,NP GR 3Y avg,—,6.52,158.03,—,—,13.27,—,—,—,—,—
7595,NP GR 5Y avg,—,—,—,—,—,—,—,—,—,—,—
7595,NP GR 10Y avg,0.0,0.0,0.0,0.0,0.0,0.0,0.0,0.0,0.0,0.0,0.0
7595,EPS GR,327.50,3.06,-58.14,-23.60,—,-99.75,—,—,—,—,—
7595,EPS GR 3Y avg,—,-30.92,175.09,-49.98,122.50,—,—,-10.28,—,—,—
7595,EPS GR 5Y avg,—,-44.22,28.64,—,—,-34.32,—,—,—,—,—
7595,EPS GR 10Y avg,—,—,—,—,—,—,—,—,—,—,—
7595,OCF GR,—,-64.51,—,—,—,—,—,—,544.88,-66.89,57.04
7595,FCF GR,—,-71.97,—,—,—,—,—,—,511.95,-66.42,314.01
7595,D/E,0.12,0.10,0.15,0.24,0.21,0.12,0.46,0.75,—,—,—
7595,Price,0.9950,0.6000,0.6500,0.7000,1.7700,0.8350,0.4500,0.4400,0.0200,0.0200,0.0800
7609,Year End,TTM,2020-11,2019-11,2018-11,2017-11,2016-11,2015-11,2014-11,2013-11,2012-11,2011-11
7609,Revenue,251,255,325,382,371,396,427,412,392,379,363
7609,NP,5,1,5,25,14,14,22,15,19,17,19
7609,EPS,0.02,—,0.02,0.08,0.04,0.05,0.15,0.06,0.07,0.06,0.07
7609,DPS,—,—,—,0.01,0.02,0.01,0.01,0.01,0.01,0.01,0.01
7609,Div Payout,—,—,—,12.2,18.8,25.1,10.2,13.2,10.5,24.3,22.4
7609,Shares,296,297,298,300,305,305,150,277,277,277,277
7609,BVPS,1.23,1.19,1.17,1.14,1.09,1.04,0.91,0.92,0.87,0.82,0.77
7609,OCF,34,31,14,24,19,34,39,19,14,28,35
7609,FCF,26,19,12,19,15,26,28,-8,-23,13,8
7609,NP Margin,1.82,0.47,1.56,6.43,3.68,3.66,5.14,3.73,4.90,4.51,5.11
7609,ROE,1.28,0.34,1.46,7.31,4.19,4.58,7.71,6.11,8.11,7.76,9.06
7609,Revenue GR,-4.97,-21.64,-14.90,3.06,-6.23,-7.30,3.44,5.26,3.34,4.53,10.03
7609,Revenue GR 3Y avg,—,-11.75,-6.31,-3.60,-3.48,0.31,4.01,4.37,5.93,6.67,4.42
7609,Revenue GR 5Y avg,—,-9.79,-4.64,-0.50,-0.44,1.74,5.29,5.71,4.23,6.68,13.12
7609,Revenue GR 10Y avg,—,-2.54,0.41,1.84,3.06,7.28,—,—,—,—,—
7609,NP GR,—,-55.60,-29.52,3.86,-3.93,-8.93,8.63,-6.02,0.20,-7.46,-6.06
7609,NP GR 3Y avg,—,-44.13,-19.90,5.08,-4.44,-4.80,2.84,-6.56,-3.01,-0.37,9.08
7609,NP GR 5Y avg,—,-24.20,-13.49,0.95,-2.42,1.90,—,—,—,—,—
7609,NP GR 10Y avg,0.0,0.0,0.0,0.0,0.0,0.0,0.0,0.0,0.0,0.0,0.0
7609,EPS GR,110.48,-76.47,-79.24,82.81,-53.53,21.64,42.60,-19.81,12.09,-7.66,-2.83
7609,EPS GR 3Y avg,—,-55.30,-43.92,1.10,-6.93,11.63,8.63,-6.02,0.19,-7.46,-6.07
7609,EPS GR 5Y avg,—,-44.97,-21.09,3.40,-6.24,7.56,2.84,-6.56,-3.02,-0.38,9.08
7609,EPS GR 10Y avg,—,-24.77,-14.13,0.14,-3.35,8.32,—,—,—,—,—
7609,OCF GR,—,121.51,-43.06,30.33,-45.51,-11.16,101.45,40.07,-50.56,-19.40,117.30
7609,FCF GR,—,58.41,-36.81,27.11,-43.29,-5.77,—,—,—,61.09,—
7609,D/E,—,—,—,—,0.01,0.02,0.06,0.07,0.08,0.02,0.02
7609,Price,0.5700,0.4700,0.4150,0.5700,0.6100,0.5950,4.2200,2.3300,2.2000,1.6800,1.6500
7617,Year End,TTM,2020-12,2019-12,2018-12,2017-12,2016-12,2015-12,2014-12,2013-12,2012-12,2011-12
7617,Revenue,20,19,30,33,99,143,796,143,136,196,202
7617,NP,-152,-151,-33,-55,11,48,209,-14,18,17,10
7617,EPS,-0.46,-0.45,-0.10,-0.18,0.02,0.13,1.17,-0.04,0.05,0.05,-0.07
7617,DPS,—,—,—,—,0.03,0.03,0.05,0.01,0.01,0.01,0.01
7617,Div Payout,—,—,—,—,—,11.7,11.1,—,16.9,29.8,—
7617,Shares,333,333,333,333,395,351,348,333,333,333,307
7617,BVPS,1.03,1.41,1.50,1.79,1.80,1.83,0.95,0.48,0.51,0.47,0.47
7617,OCF,-9,-5,2,31,6,13,364,-232,-36,-36,-57
7617,FCF,-9,-5,2,31,6,13,363,-232,-37,-36,-57
7617,NP Margin,-746.34,-806.76,-109.43,-166.83,10.80,33.61,26.23,-9.58,13.19,8.54,5.05
7617,ROE,-37.12,-36.37,-6.53,-9.90,1.79,10.09,85.16,-9.01,11.31,10.64,7.31
7617,Revenue GR,83.04,-37.80,-9.23,-66.51,-30.71,-82.06,458.05,4.89,-30.82,-2.62,73.48
7617,Revenue GR 3Y avg,—,-42.60,-40.50,-65.34,-11.47,1.65,59.39,-10.93,5.33,0.78,-10.42
7617,Revenue GR 5Y avg,—,-52.77,-26.75,-24.60,-12.83,-6.69,46.90,-5.78,-13.50,-10.62,20.08
7617,Revenue GR 10Y avg,—,-16.70,-16.92,-19.24,-11.73,5.85,—,—,—,—,—
7617,NP GR,—,—,—,—,—,38.84,131.69,—,—,36.30,-27.64
7617,NP GR 3Y avg,—,—,—,—,-8.63,36.33,—,—,-7.79,-8.79,143.72
7617,NP GR 5Y avg,—,—,—,—,-8.71,82.28,—,—,—,—,—
7617,NP GR 10Y avg,0.0,0.0,0.0,0.0,0.0,0.0,0.0,0.0,0.0,0.0,0.0
7617,EPS GR,14.22,—,—,—,-80.26,-77.18,—,—,6.75,52.13,—
7617,EPS GR 3Y avg,—,—,—,—,—,36.49,128.28,—,—,22.66,-31.29
7617,EPS GR 5Y avg,—,—,—,—,-11.74,32.79,—,—,-12.03,-14.03,121.15
7617,EPS GR 10Y avg,—,—,—,—,-12.89,71.37,—,—,—,—,—
7617,OCF GR,—,—,-93.60,466.24,-58.77,-96.29,—,—,—,—,—
7617,FCF GR,—,—,-93.60,469.14,-57.68,-96.40,—,—,—,—,—
7617,D/E,0.06,0.06,0.11,0.25,0.21,0.24,0.55,0.65,1.53,1.01,0.63
7617,Price,0.5900,0.8800,0.8500,0.9350,1.2700,1.3300,1.0300,0.8400,1.1800,0.7500,0.8200
7676,Year End,TTM,2020-12,2019-12,2018-12,2017-12,2016-12,2015-12,2014-12,2013-12,2012-12,2011-12
7676,Revenue,9,12,17,28,40,40,36,85,80,79,76
7676,NP,—,2,-12,—,-3,-2,-3,14,14,14,10
7676,EPS,—,0.01,-0.05,—,-0.01,-0.01,-0.01,0.06,0.06,0.07,0.05
7676,DPS,—,—,—,—,—,—,—,0.01,0.01,0.01,0.01
7676,Div Payout,—,—,—,—,—,—,—,11.2,9.0,9.1,—
7676,Shares,292,272,236,236,246,249,240,250,223,209,192
7676,BVPS,0.38,0.37,0.41,0.44,0.42,0.44,0.45,0.44,0.34,0.34,0.26
7676,OCF,-3,-2,3,-8,1,9,17,23,32,27,41
7676,FCF,-9,-4,—,-14,-3,8,9,22,32,23,29
7676,NP Margin,-1.29,14.71,-69.09,-0.75,-6.54,-4.30,-7.85,16.64,17.35,17.34,12.65
7676,ROE,-0.10,1.64,-12.29,-0.21,-2.61,-1.66,-2.68,14.19,17.74,25.53,22.03
7676,Revenue GR,-73.00,-30.93,-40.84,-29.39,1.63,11.22,-57.98,6.08,1.16,4.44,202.01
7676,Revenue GR 3Y avg,—,-33.92,-24.84,-7.24,-21.97,-20.85,-23.31,3.88,47.22,28.49,14.90
7676,Revenue GR 5Y avg,—,-20.08,-27.64,-18.67,-12.61,-12.13,7.30,17.89,9.89,0.70,30.77
7676,Revenue GR 10Y avg,—,-7.39,-7.64,-5.46,-6.19,7.20,—,—,—,—,—
7676,NP GR,—,—,—,—,—,—,—,13.81,90.64,—,302.69
7676,NP GR 3Y avg,—,—,—,—,—,—,—,—,148.40,—,94.81
7676,NP GR 5Y avg,—,-1.56,—,—,—,—,—,—,—,—,—
7676,NP GR 10Y avg,0.0,0.0,0.0,0.0,0.0,0.0,0.0,0.0,0.0,0.0,0.0
7676,EPS GR,-91.11,—,—,—,—,—,—,-13.13,-4.95,31.20,244.53
7676,EPS GR 3Y avg,—,—,—,—,—,—,—,2.70,62.57,—,205.60
7676,EPS GR 5Y avg,—,—,—,—,—,—,—,—,104.30,—,65.09
7676,EPS GR 10Y avg,—,-7.98,—,—,—,—,—,—,—,—,—
7676,OCF GR,—,—,—,—,-86.79,-47.10,-27.53,-29.04,20.91,-35.45,183.31
7676,FCF GR,—,—,—,—,—,-8.95,-61.25,-29.77,39.70,-21.95,539.96
7676,D/E,0.01,0.02,0.02,0.02,0.01,—,—,0.01,0.04,0.34,0.83
7676,Price,0.8500,1.0100,0.5150,0.2900,0.3700,0.4750,0.4300,0.7900,0.8500,0.6900,0.6500
7692,Year End,TTM,2020-03,2019-03,2018-03,2017-03,2016-03,2015-03,2014-03,2013-03,2012-03,2011-03
7692,Revenue,10,8,8,7,7,8,10,11,9,9,10
7692,NP,-3,1,2,2,1,1,3,-6,1,-1,-1
7692,EPS,-0.06,0.01,0.03,0.04,0.02,0.02,0.07,-0.14,0.02,-0.03,-0.02
7692,DPS,—,—,—,—,—,—,—,—,—,—,—
7692,Div Payout,—,—,—,—,—,—,—,—,—,—,—
7692,Shares,—,45,45,45,45,45,45,45,45,45,45
7692,BVPS,0.80,0.85,0.82,0.77,0.76,0.72,0.63,0.66,0.66,0.65,—
7692,OCF,-1,1,1,1,3,3,5,4,2,2,6
7692,FCF,-1,—,1,1,2,3,5,4,2,2,5
7692,NP Margin,-25.16,7.90,18.32,26.90,14.63,14.18,30.85,-57.48,8.65,-15.39,-10.48
7692,ROE,-6.80,1.78,4.28,5.81,2.97,3.57,11.84,-23.04,2.82,-4.65,-3.26
7692,Revenue GR,39.19,1.00,13.22,12.01,-13.04,-25.38,-4.07,12.78,5.47,-6.08,—
7692,Revenue GR 3Y avg,—,8.60,3.32,-10.09,-14.62,-6.89,4.50,3.76,-2.72,-15.99,—
7692,Revenue GR 5Y avg,—,-3.63,-4.62,-4.69,-5.83,-4.37,-0.08,-6.74,-5.34,-19.42,—
7692,Revenue GR 10Y avg,—,-1.87,-5.69,-5.02,-12.89,-11.13,—,—,—,—,—
7692,NP GR,—,-11.55,12.53,-14.11,—,9.78,—,—,—,—,—
7692,NP GR 3Y avg,—,-26.61,—,19.58,—,—,—,—,—,—,—
7692,NP GR 5Y avg,—,—,—,—,-11.70,-12.20,—,—,—,—,—
7692,NP GR 10Y avg,0.0,0.0,0.0,0.0,0.0,0.0,0.0,0.0,0.0,0.0,0.0
7692,EPS GR,45.10,-56.46,-22.87,106.48,-10.37,-65.72,—,—,—,—,—
7692,EPS GR 3Y avg,—,-11.49,12.59,-14.07,—,9.81,—,—,—,—,—
7692,EPS GR 5Y avg,—,-26.60,—,19.63,—,—,—,—,—,—,—
7692,EPS GR 10Y avg,—,—,—,—,-12.56,-13.05,—,—,—,—,—
7692,OCF GR,—,4.66,4.58,-61.77,-3.80,-39.29,39.46,105.35,-16.15,-59.32,—
7692,FCF GR,—,-48.12,-17.18,-68.15,-25.29,-40.34,42.36,106.74,-19.45,-53.76,—
7692,D/E,0.06,0.06,0.07,0.08,0.09,0.11,0.12,0.16,0.13,0.14,0.14
7692,Price,1.2100,1.2100,0.5300,0.5600,0.5600,0.4700,0.4900,0.4700,0.4150,0.4300,0.5200
7765,Year End,TTM,2020-12,2019-12,2018-12,2017-12,2016-12,2015-12,2014-12,2013-12,2012-12,2011-12
7765,Revenue,31,28,29,31,31,25,28,29,26,40,27
7765,NP,5,5,5,1,3,-2,-17,11,3,-8,1
7765,EPS,0.05,0.05,0.05,0.01,0.03,-0.02,-0.19,0.11,0.03,-0.09,0.01
7765,DPS,—,—,—,—,—,—,—,—,—,—,—
7765,Div Payout,—,—,—,—,—,—,—,—,—,—,—
7765,Shares,107,107,107,107,101,87,104,104,102,87,96
7765,BVPS,1.46,1.38,1.36,1.33,1.29,1.33,1.35,1.58,1.40,1.36,1.46
7765,OCF,19,15,15,12,5,13,4,28,7,-9,10
7765,FCF,19,15,15,12,5,13,4,28,6,-15,10
7765,NP Margin,16.83,18.25,17.39,1.85,9.36,-6.52,-59.90,39.66,10.06,-18.90,2.36
7765,ROE,3.42,3.43,3.45,0.40,2.28,-1.41,-13.25,8.86,2.17,-6.11,0.50
7765,Revenue GR,45.17,-0.23,-7.29,-1.98,24.90,-9.20,-3.04,9.73,-34.53,48.30,23.15
7765,Revenue GR 3Y avg,—,-3.22,4.31,3.59,3.21,-1.14,-11.36,2.13,6.14,37.64,9.11
7765,Revenue GR 5Y avg,—,0.56,-0.02,3.41,-4.61,-1.27,4.93,13.38,4.75,-2.65,-0.71
7765,Revenue GR 10Y avg,—,2.72,6.47,4.08,-3.63,-0.99,—,—,—,—,—
7765,NP GR,—,20.91,—,—,-36.22,—,—,161.77,—,—,100.28
7765,NP GR 3Y avg,—,—,-15.22,-26.27,—,—,—,13.23,101.62,—,-37.76
7765,NP GR 5Y avg,—,—,-2.02,21.92,-17.33,—,—,—,—,—,—
7765,NP GR 10Y avg,0.0,0.0,0.0,0.0,0.0,0.0,0.0,0.0,0.0,0.0,0.0
7765,EPS GR,-1.61,4.59,776.71,-81.91,—,—,—,323.64,—,—,—
7765,EPS GR 3Y avg,—,18.37,—,—,-35.52,—,—,154.92,—,—,100.30
7765,EPS GR 5Y avg,—,—,-15.72,-27.13,—,—,—,11.61,99.28,—,-47.22
7765,EPS GR 10Y avg,—,—,-3.02,20.50,-19.06,—,—,—,—,—,—
7765,OCF GR,—,-0.60,23.16,128.00,-59.12,252.20,-86.80,289.64,—,—,-46.17
7765,FCF GR,—,-0.62,23.52,138.64,-61.08,255.87,-86.74,350.08,—,—,-46.17
7765,D/E,0.84,0.86,0.91,0.86,0.83,0.91,1.00,0.81,0.94,0.88,0.86
7765,Price,7.5100,6.6000,5.9300,5.8000,5.7000,5.7800,5.9800,6.1300,3.8000,2.8200,1.9800
7773,Year End,TTM,2020-12,2019-12,2018-12,2017-12,2016-12,2015-12,2014-12,2013-12,2012-12,2011-12
7773,Revenue,419,408,484,471,472,436,502,519,452,523,578
7773,NP,-9,-15,-15,-12,-30,-17,4,19,16,30,38
7773,EPS,-0.05,-0.10,-0.10,-0.07,-0.19,-0.10,0.03,0.12,0.10,0.18,0.24
7773,DPS,—,—,—,—,—,0.01,0.04,0.04,0.04,0.04,0.03
7773,Div Payout,—,—,—,—,—,—,60.7,40.9,32.4,21.6,12.6
7773,Shares,158,158,158,159,159,159,159,159,159,159,160
7773,BVPS,1.50,1.57,1.68,1.79,1.89,2.03,2.12,2.10,2.04,1.91,1.47
7773,OCF,17,53,35,50,49,84,77,64,51,43,119
7773,FCF,2,45,19,45,-18,4,20,-14,-23,-39,87
7773,NP Margin,-2.04,-3.72,-3.16,-2.52,-6.35,-3.98,0.79,3.59,3.63,5.66,6.64
7773,ROE,-3.38,-5.94,-5.65,-4.18,-9.81,-5.27,1.17,5.58,5.09,10.00,14.83
7773,Revenue GR,11.84,-15.65,2.56,-0.01,8.27,-13.29,-3.17,14.69,-13.44,-9.64,-1.57
7773,Revenue GR 3Y avg,—,-4.72,3.55,-2.09,-3.13,-1.25,-1.31,-3.56,-8.35,3.74,6.13
7773,Revenue GR 5Y avg,—,-4.08,-1.40,0.83,-2.03,-5.51,-3.09,2.08,-1.33,11.51,20.41
7773,Revenue GR 10Y avg,—,-3.58,0.33,-0.26,4.52,6.66,—,—,—,—,—
7773,NP GR,—,—,—,—,—,—,-48.85,-21.44,-13.87,59.46,78.11
7773,NP GR 3Y avg,—,—,—,—,—,—,-31.21,20.60,19.30,—,81.38
7773,NP GR 5Y avg,—,—,—,—,—,—,—,—,—,—,—
7773,NP GR 10Y avg,0.0,0.0,0.0,0.0,0.0,0.0,0.0,0.0,0.0,0.0,0.0
7773,EPS GR,-121.93,—,—,—,—,—,-78.63,13.59,-44.32,-22.69,50.60
7773,EPS GR 3Y avg,—,—,—,—,—,—,-48.68,-21.22,-13.45,61.47,80.19
7773,EPS GR 5Y avg,—,—,—,—,—,—,-30.92,21.63,20.29,—,82.25
7773,EPS GR 10Y avg,—,—,—,—,—,—,—,—,—,—,—
7773,OCF GR,—,52.24,-30.55,2.25,-42.40,9.92,20.77,25.03,17.60,-63.77,-1.38
7773,FCF GR,—,131.23,-56.78,—,—,-78.82,—,—,—,—,19.93
7773,D/E,0.10,0.11,0.13,0.20,0.30,0.26,0.21,0.28,0.23,0.21,0.23
7773,Price,0.3750,0.3200,0.3250,0.4600,0.5000,0.5000,0.7050,0.7700,0.7150,0.7000,0.7700
7854,Year End,TTM,2020-12,2019-12,2018-12,2017-12,2016-12,2015-12,2014-12,2013-12,2012-12,2011-12
7854,Revenue,19,18,28,36,31,15,25,24,16,26,9
7854,NP,—,—,5,6,2,—,1,—,3,—,-2
7854,EPS,—,-0.01,0.05,0.07,0.03,—,0.01,—,0.03,—,-0.03
7854,DPS,—,—,0.02,0.01,—,—,—,—,—,—,—
7854,Div Payout,—,—,35.8,22.3,—,—,—,—,—,—,—
7854,Shares,89,89,89,89,89,89,89,89,89,89,89
7854,BVPS,0.58,0.58,0.56,0.48,0.41,0.39,0.40,0.38,0.32,0.34,0.44
7854,OCF,1,2,2,2,1,1,2,7,-5,2,1
7854,FCF,1,1,1,1,—,1,1,6,-6,1,1
7854,NP Margin,-1.71,-2.42,16.91,17.80,6.64,0.52,4.24,1.77,17.84,-0.08,-25.66
7854,ROE,-0.63,-0.85,9.44,14.45,5.60,0.21,3.09,1.28,9.15,-0.06,-6.35
7854,Revenue GR,33.35,-35.34,-20.61,14.25,114.70,-42.25,2.73,48.91,-35.65,190.32,5.62
7854,Revenue GR 3Y avg,—,-16.30,24.87,12.31,8.40,-4.05,-0.52,40.64,25.43,24.69,-39.15
7854,Revenue GR 5Y avg,—,-6.18,2.93,16.73,4.07,10.54,24.72,13.19,-15.89,-9.21,-29.31
7854,Revenue GR 10Y avg,—,8.18,7.94,-0.92,-2.80,-11.60,—,—,—,—,—
7854,NP GR,—,—,299.56,81.16,68.46,-70.54,—,—,—,—,—
7854,NP GR 3Y avg,—,—,61.68,16.68,—,—,—,—,—,—,—
7854,NP GR 5Y avg,—,—,—,—,—,—,—,—,—,—,—
7854,NP GR 10Y avg,0.0,0.0,0.0,0.0,0.0,0.0,0.0,0.0,0.0,0.0,0.0
7854,EPS GR,-28.00,—,-24.58,206.90,—,-93.33,144.90,-85.11,—,—,—
7854,EPS GR 3Y avg,—,—,306.41,81.04,67.92,-71.03,—,—,—,—,—
7854,EPS GR 5Y avg,—,—,61.42,16.70,—,—,—,—,—,—,—
7854,EPS GR 10Y avg,—,—,—,—,—,—,—,—,—,—,—
7854,OCF GR,—,-18.73,16.22,95.19,-24.21,-31.26,-71.18,—,—,40.56,—
7854,FCF GR,—,-3.59,36.19,271.48,-56.24,-36.39,-83.55,—,—,-23.09,—
7854,D/E,0.04,—,—,—,0.01,0.01,0.01,0.01,0.03,0.08,0.12
7854,Price,0.4500,0.4500,0.5400,0.6500,0.6200,0.6400,0.7500,0.7500,0.6000,0.8000,0.8500
7889,Year End,TTM,2020-12,2019-12,2018-12,2017-12,2016-12,2015-12,2014-12,2013-12,2012-12,2011-12
7889,Revenue,148,147,236,239,123,67,57,45,47,43,18
7889,NP,-5,-6,17,20,—,-10,4,10,9,3,—
7889,EPS,-0.01,-0.01,0.03,0.04,—,-0.02,0.01,0.02,0.02,0.01,—
7889,DPS,—,—,—,—,—,—,—,—,—,—,—
7889,Div Payout,—,—,—,—,—,—,—,9.6,—,—,—
7889,Shares,547,547,539,497,497,497,477,452,452,452,301
7889,BVPS,0.33,0.35,0.39,0.36,0.31,0.32,0.33,0.31,0.26,0.38,0.37
7889,OCF,-12,9,9,36,1,-17,-25,22,-99,-4,2
7889,FCF,-13,9,8,35,—,-20,-35,21,-99,-4,2
7889,NP Margin,-3.43,-4.28,7.16,8.53,0.16,-15.15,6.18,21.34,18.04,6.29,2.39
7889,ROE,-2.65,-3.23,8.85,12.05,0.13,-6.30,2.29,7.14,6.97,2.37,0.38
7889,Revenue GR,3.25,-37.80,-1.12,94.58,83.47,17.88,26.03,-4.38,9.72,140.72,48.22
7889,Revenue GR 3Y avg,—,6.17,52.26,61.45,39.69,12.41,9.76,36.18,57.60,47.09,5.60
7889,Revenue GR 5Y avg,—,20.95,39.30,38.36,23.38,30.27,36.38,27.27,25.48,26.09,17.74
7889,Revenue GR 10Y avg,—,28.43,33.15,31.76,24.73,23.85,—,—,—,—,—
7889,NP GR,—,—,—,79.81,-72.46,—,9.08,182.66,—,-16.72,-33.37
7889,NP GR 3Y avg,—,—,11.98,19.11,-40.53,—,—,15.51,42.65,45.40,-13.19
7889,NP GR 5Y avg,—,—,13.73,30.35,-7.02,—,—,—,—,—,—
7889,NP GR 10Y avg,0.0,0.0,0.0,0.0,0.0,0.0,0.0,0.0,0.0,0.0,0.0
7889,EPS GR,-190.48,—,-23.41,—,—,—,-65.44,12.87,110.02,529.79,—
7889,EPS GR 3Y avg,—,—,—,77.36,-73.88,—,-6.43,146.23,—,-27.41,-41.77
7889,EPS GR 5Y avg,—,—,8.11,16.83,-46.90,—,—,-1.94,21.17,33.81,-19.95
7889,EPS GR 10Y avg,—,—,2.96,18.98,-15.70,—,—,—,—,—,—
7889,OCF GR,—,7.19,-75.79,—,—,—,—,—,—,—,-52.05
7889,FCF GR,—,14.85,-77.85,—,—,—,—,—,—,—,-52.13
7889,D/E,0.05,0.07,0.05,0.13,0.31,0.52,0.62,0.67,0.77,0.23,0.20
7889,Price,0.1850,0.2050,0.1850,0.1900,0.2150,0.1700,0.3950,0.3900,0.4500,0.4000,0.4100
7935,Year End,TTM,2020-12,2019-12,2018-12,2017-12,2016-12,2015-12,2014-12,2012-08,2011-08,2010-08
7935,Revenue,80,73,63,78,80,72,70,57,61,79,88
7935,NP,-3,-5,-4,-2,-1,-3,—,-4,-3,-6,-13
7935,EPS,—,-0.02,-0.02,-0.01,—,-0.01,—,-0.02,-0.02,-0.03,-0.07
7935,DPS,—,—,—,—,—,—,—,—,—,—,—
7935,Div Payout,—,—,—,—,—,—,—,—,—,—,—
7935,Shares,195,235,218,218,218,218,218,214,186,186,184
7935,BVPS,0.16,0.17,0.17,0.20,0.21,0.22,0.22,0.23,—,—,—
7935,OCF,-1,-3,1,5,-2,-3,1,-6,-1,7,—
7935,FCF,-2,-3,—,4,-2,-4,1,-7,-4,-1,—
7935,NP Margin,-3.74,-6.93,-7.08,-2.64,-1.05,-3.68,0.46,-7.11,-4.74,-7.28,-15.03
7935,ROE,-7.57,-12.89,-10.54,-4.71,-1.87,-5.70,0.68,-8.58,-5.32,-9.79,-20.00
7935,Revenue GR,54.32,16.49,-19.46,-2.57,10.02,3.65,22.59,-3.06,-22.64,-9.64,—
7935,Revenue GR 3Y avg,—,-2.95,-4.78,3.57,11.81,3.93,-2.85,-9.45,-18.05,-12.51,—
7935,Revenue GR 5Y avg,—,0.83,1.87,3.80,0.09,-2.97,-7.09,-10.88,-6.88,1.81,—
7935,Revenue GR 10Y avg,—,-3.68,-5.47,-1.05,0.85,—,—,—,—,—,—
7935,NP GR,—,—,—,—,—,—,—,—,—,—,—
7935,NP GR 3Y avg,—,—,—,—,—,—,-34.69,—,—,—,—
7935,NP GR 5Y avg,—,—,—,—,—,—,—,—,—,—,—
7935,NP GR 10Y avg,0.0,0.0,0.0,0.0,0.0,0.0,0.0,0.0,0.0,0.0,0.0
7935,EPS GR,—,—,—,—,—,—,—,—,—,—,—
7935,EPS GR 3Y avg,—,—,—,—,—,—,—,—,—,—,—
7935,EPS GR 5Y avg,—,—,—,—,—,—,-37.30,—,—,—,—
7935,EPS GR 10Y avg,—,—,—,—,—,—,—,—,—,—,—
7935,OCF GR,—,—,-75.38,—,—,—,—,—,—,—,—
7935,FCF GR,—,—,-95.18,—,—,—,—,—,—,—,—
7935,D/E,0.01,0.01,0.02,0.02,0.02,0.02,—,0.01,0.07,0.08,0.10
7935,Price,0.5200,2.2800,0.8500,0.6350,0.8200,0.9200,0.9300,1.1300,1.1500,1.0200,1.1800
7943,Year End,TTM,2020-12,2019-12,2018-12,2017-12,2016-12,2015-12,2014-12,2013-12,2012-12,2011-12
7943,Revenue,48,33,22,15,26,46,27,24,26,25,22
7943,NP,2,—,-1,-3,-4,1,-5,-5,-1,—,—
7943,EPS,0.03,-0.01,-0.01,-0.04,-0.06,0.01,-0.08,-0.08,-0.02,-0.01,—
7943,DPS,—,—,—,—,—,—,—,—,—,—,—
7943,Div Payout,—,—,—,—,—,—,—,—,—,—,—
7943,Shares,85,73,66,66,66,66,66,60,60,60,60
7943,BVPS,0.28,0.33,0.35,0.39,0.44,0.44,0.42,0.52,0.34,0.35,0.35
7943,OCF,-35,-9,2,—,—,—,4,-3,1,1,-1
7943,FCF,-35,-10,2,—,-1,—,4,-3,—,-1,-2
7943,NP Margin,4.82,-1.24,-2.76,-19.48,-14.36,1.27,-20.35,-20.65,-4.70,-1.78,0.51
7943,ROE,8.84,-1.65,-2.64,-11.42,-12.87,1.94,-17.52,-18.27,-5.96,-2.15,0.53
7943,Revenue GR,194.16,50.00,52.12,-43.74,-42.94,69.24,13.76,-7.68,0.92,15.66,-11.90
7943,Revenue GR 3Y avg,—,8.68,-21.25,-18.40,3.18,21.13,1.96,2.52,0.93,1.80,-17.57
7943,Revenue GR 5Y avg,—,4.39,-1.23,-10.61,0.47,15.72,1.55,-0.35,-8.15,-7.80,-11.57
7943,Revenue GR 10Y avg,—,2.96,-0.79,-9.39,-3.75,1.16,—,—,—,—,—
7943,NP GR,—,—,—,—,—,—,—,—,—,—,-51.94
7943,NP GR 3Y avg,—,—,—,—,—,38.82,—,—,—,—,—
7943,NP GR 5Y avg,—,—,—,—,—,—,—,—,—,—,—
7943,NP GR 10Y avg,0.0,0.0,0.0,0.0,0.0,0.0,0.0,0.0,0.0,0.0,0.0
7943,EPS GR,-537.10,—,—,—,—,—,—,—,—,—,-60.42
7943,EPS GR 3Y avg,—,—,—,—,—,—,—,—,—,—,-51.74
7943,EPS GR 5Y avg,—,—,—,—,—,35.88,—,—,—,—,—
7943,EPS GR 10Y avg,—,—,—,—,—,—,—,—,—,—,—
7943,OCF GR,—,—,—,—,—,-88.07,—,—,27.17,—,—
7943,FCF GR,—,—,—,—,—,-91.56,—,—,—,—,—
7943,D/E,—,0.05,—,—,—,—,—,—,—,0.01,—
7943,Price,0.3400,0.3250,0.3500,0.2700,0.2700,0.2500,0.1700,0.2100,0.1400,0.1600,0.1800
7986,Year End,TTM,2020-12,2019-12,2018-12,2017-12,2016-12,2015-12,2014-12,2013-12,2012-12,2011-12
7986,Revenue,16,15,16,20,20,19,13,16,18,20,14
7986,NP,-3,-5,—,2,2,22,-6,-4,-1,-2,-4
7986,EPS,-0.02,-0.04,—,0.01,0.02,0.19,-0.06,-0.04,-0.01,-0.01,-0.04
7986,DPS,—,—,—,—,—,—,—,—,—,—,—
7986,Div Payout,—,—,—,—,—,—,—,—,—,—,—
7986,Shares,133,131,121,113,113,113,113,113,113,113,113
7986,BVPS,0.26,0.30,0.35,0.37,0.36,0.15,0.16,0.21,0.23,0.25,0.29
7986,OCF,-13,-2,-1,—,-3,5,—,—,-1,1,-3
7986,FCF,-13,-2,-1,-1,-5,5,—,—,-1,1,-3
7986,NP Margin,-20.98,-34.67,-0.08,7.97,9.07,117.61,-47.92,-27.18,-3.94,-7.63,-29.50
7986,ROE,-8.22,-12.30,-0.03,3.96,4.56,77.82,-30.86,-16.59,-2.60,-5.40,-12.78
7986,Revenue GR,47.35,-5.45,-23.50,1.36,7.09,42.95,-15.90,-15.32,-9.70,50.40,-7.28
7986,Revenue GR 3Y avg,—,-9.83,-6.01,15.77,8.79,0.60,-13.69,4.77,7.99,-2.20,-22.10
7986,Revenue GR 5Y avg,—,2.34,-0.03,2.02,-0.31,6.69,-2.16,-6.48,-8.48,-6.98,-10.54
7986,Revenue GR 10Y avg,—,0.06,-3.31,-3.37,-3.70,-2.30,—,—,—,—,—
7986,NP GR,—,—,—,—,—,—,—,—,—,—,—
7986,NP GR 3Y avg,—,—,—,—,—,—,—,—,—,—,—
7986,NP GR 5Y avg,—,—,—,8.93,6.98,39.85,—,—,—,—,—
7986,NP GR 10Y avg,0.0,0.0,0.0,0.0,0.0,0.0,0.0,0.0,0.0,0.0,0.0
7986,EPS GR,-73.87,—,—,-10.97,-91.75,—,—,—,—,—,—
7986,EPS GR 3Y avg,—,—,—,—,—,—,—,—,—,—,—
7986,EPS GR 5Y avg,—,—,—,—,—,—,—,—,—,—,—
7986,EPS GR 10Y avg,—,—,—,8.92,6.97,39.85,—,—,—,—,—
7986,OCF GR,—,—,—,—,—,—,—,—,—,—,—
7986,FCF GR,—,—,—,—,—,—,—,—,—,—,—
7986,D/E,0.01,0.01,0.01,0.01,—,0.01,0.02,0.02,0.02,—,—
7986,Price,1.5000,2.1900,0.4150,0.5300,0.4950,0.3250,0.2800,0.5300,0.7100,0.7100,0.6900
8044,Year End,TTM,2020-03,2019-03,2018-03,2017-03,2016-03,2015-03,2014-03,2013-03,2012-03,2011-03
8044,Revenue,29,30,35,45,46,44,45,49,51,55,55
8044,NP,—,-2,-3,-3,-1,-1,—,—,1,3,3
8044,EPS,—,-0.05,-0.07,-0.06,-0.02,-0.03,—,0.01,0.03,0.06,0.08
8044,DPS,—,—,—,—,—,—,—,—,—,—,—
8044,Div Payout,—,—,—,—,—,—,—,—,—,—,—
8044,Shares,41,41,41,41,41,41,41,41,41,41,41
8044,BVPS,1.09,1.10,1.14,1.27,1.29,1.31,1.33,1.34,1.38,1.28,—
8044,OCF,2,-2,2,5,—,-1,4,—,4,3,4
8044,FCF,—,-3,1,5,—,-1,3,-3,4,1,4
8044,NP Margin,-0.55,-6.25,-8.32,-5.87,-2.03,-2.70,0.17,0.46,2.72,4.78,6.16
8044,ROE,-0.36,-4.17,-6.06,-5.20,-1.78,-2.22,0.14,0.41,2.62,5.11,7.01
8044,Revenue GR,-7.58,-13.08,-22.20,-2.90,4.86,-2.79,-7.20,-4.76,-6.12,-0.22,—
8044,Revenue GR 3Y avg,—,-13.08,-7.47,-0.34,-1.84,-4.94,-6.03,-3.73,-1.17,4.35,—
8044,Revenue GR 5Y avg,—,-7.72,-6.50,-2.64,-3.30,-4.25,-3.12,0.32,2.33,6.25,—
8044,Revenue GR 10Y avg,—,-5.45,-3.15,-0.18,1.36,1.39,—,—,—,—,—
8044,NP GR,—,—,—,—,—,—,-69.04,-59.57,-24.13,139.62,—
8044,NP GR 3Y avg,—,—,—,—,—,—,-52.46,3.25,4.59,4.42,—
8044,NP GR 5Y avg,—,—,—,—,—,—,—,—,—,—,—
8044,NP GR 10Y avg,0.0,0.0,0.0,0.0,0.0,0.0,0.0,0.0,0.0,0.0,0.0
8044,EPS GR,-114.81,—,—,—,—,—,-64.81,-84.16,-46.55,-22.55,—
8044,EPS GR 3Y avg,—,—,—,—,—,—,-69.00,-59.68,-24.22,139.59,—
8044,EPS GR 5Y avg,—,—,—,—,—,—,-52.47,3.08,4.62,4.41,—
8044,EPS GR 10Y avg,—,—,—,—,—,—,—,—,—,—,—
8044,OCF GR,—,—,-66.83,—,—,—,933.91,-92.24,52.44,-31.39,—
8044,FCF GR,—,—,-70.50,—,—,—,—,—,406.59,-80.06,—
8044,D/E,—,—,0.01,0.03,0.05,0.07,0.02,0.01,0.09,0.14,0.21
8044,Price,2.6800,2.6800,1.0900,1.1500,1.1000,1.0500,1.1500,1.2500,0.9500,0.7800,0.6900
8052,Year End,TTM,2020-12,2019-12,2018-12,2017-12,2016-12,2015-12,2014-12,2013-12,2012-12,2011-12
8052,Revenue,125,118,114,83,63,56,53,59,58,54,63
8052,NP,-4,-3,-1,-4,3,1,-12,-1,—,-3,1
8052,EPS,-0.04,-0.03,-0.01,-0.04,0.04,0.01,-0.15,-0.01,—,-0.04,0.01
8052,DPS,—,—,—,0.01,—,—,0.01,0.01,0.01,0.01,0.01
8052,Div Payout,—,—,—,64.0,—,—,—,—,—,—,29.8
8052,Shares,90,90,90,90,88,82,82,82,82,82,82
8052,BVPS,0.46,0.53,—,0.57,0.57,0.54,0.56,0.69,0.70,0.71,0.75
8052,OCF,1,-2,7,-7,—,5,2,5,-1,5,4
8052,FCF,-1,-3,5,-7,-1,5,2,4,-1,3,4
8052,NP Margin,-3.19,-2.43,-0.53,-4.32,5.58,2.12,-22.77,-1.77,0.63,-5.76,1.88
8052,ROE,-8.94,-6.17,-1.26,-7.10,7.11,2.66,-23.74,-1.81,0.63,-5.10,1.92
8052,Revenue GR,25.43,3.21,36.74,33.13,11.74,6.57,-11.03,1.56,8.69,-15.10,-3.97
8052,Revenue GR 3Y avg,—,23.39,26.70,16.60,1.94,-1.25,-0.60,-2.14,-3.95,-4.90,1.50
8052,Revenue GR 5Y avg,—,17.47,14.04,7.45,3.18,-2.33,-4.35,-1.03,-0.71,0.91,5.82
8052,Revenue GR 10Y avg,—,6.00,6.24,3.29,2.04,1.66,—,—,—,—,—
8052,NP GR,—,—,—,—,—,48.05,—,—,-45.81,—,-0.24
8052,NP GR 3Y avg,—,—,—,—,—,0.02,—,—,-21.07,—,—
8052,NP GR 5Y avg,—,—,—,—,-5.38,—,—,—,—,—,—
8052,NP GR 10Y avg,0.0,0.0,0.0,0.0,0.0,0.0,0.0,0.0,0.0,0.0,0.0
8052,EPS GR,—,—,—,—,175.38,—,—,—,—,—,-48.31
8052,EPS GR 3Y avg,—,—,—,—,—,48.12,—,—,-45.82,—,—
8052,EPS GR 5Y avg,—,—,—,—,—,—,—,—,-21.00,—,—
8052,EPS GR 10Y avg,—,—,—,—,-6.00,—,—,—,—,—,—
8052,OCF GR,—,—,—,—,—,132.78,-53.72,—,—,11.08,—
8052,FCF GR,—,—,—,—,—,131.86,-53.21,—,—,-19.95,—
8052,D/E,—,0.01,0.01,—,—,—,—,—,—,—,—
8052,Price,1.5600,0.3550,0.5250,0.4600,1.0300,0.9950,0.8800,1.0000,0.7000,0.3800,0.4500
8133,Year End,TTM,2020-12,2019-12,2018-12,2017-12,2016-12,2015-12,2014-12,2013-12,2012-12,2011-12
8133,Revenue,117,142,166,169,274,308,266,333,319,647,544
8133,NP,-72,-51,-117,-108,11,77,-31,18,3,-132,18
8133,EPS,-0.29,-0.20,-0.47,-0.43,0.04,0.31,-0.12,0.07,0.01,-0.56,0.05
8133,DPS,—,—,—,0.01,0.05,—,—,—,—,0.06,0.07
8133,Div Payout,—,—,—,—,8.3,—,—,—,—,—,21.3
8133,Shares,248,248,248,248,248,248,248,248,248,248,248
8133,BVPS,0.26,0.56,0.94,1.47,1.50,1.17,1.30,1.23,1.25,1.13,1.73
8133,OCF,—,—,—,—,—,—,—,—,—,—,—
8133,FCF,-29,-18,-20,-53,51,-3,-7,-6,79,61,33
8133,NP Margin,-61.57,-35.66,-70.44,-64.06,3.86,24.94,-11.57,5.36,0.99,-20.36,2.35
8133,ROE,-71.58,-55.77,-66.92,-37.53,3.06,24.89,-10.78,6.12,1.12,-37.21,2.98
8133,Revenue GR,-56.99,-14.33,-2.09,-38.35,-10.80,15.76,-20.19,4.32,-50.65,18.82,-16.26
8133,Revenue GR 3Y avg,—,-19.73,-18.65,-13.97,-6.24,-1.22,-25.66,-15.11,-21.11,5.93,3.12
8133,Revenue GR 5Y avg,—,-11.79,-13.03,-11.92,-15.76,-10.79,-16.38,-9.35,-8.46,40.72,46.56
8133,Revenue GR 10Y avg,—,-14.12,-11.21,-10.21,8.88,14.35,4.51,—,—,—,—
8133,NP GR,—,—,—,—,-16.01,189.50,—,-1.11,-65.89,—,-45.96
8133,NP GR 3Y avg,—,—,—,—,—,32.96,—,-25.28,-51.43,—,—
8133,NP GR 5Y avg,—,—,—,—,-31.81,—,—,—,—,—,—
8133,NP GR 10Y avg,0.0,0.0,0.0,0.0,0.0,0.0,0.0,0.0,0.0,0.0,0.0
8133,EPS GR,-104.51,—,—,—,-86.20,—,—,465.35,—,—,-81.71
8133,EPS GR 3Y avg,—,—,—,—,-15.97,189.68,—,11.79,-64.38,—,-51.95
8133,EPS GR 5Y avg,—,—,—,—,—,43.12,—,-25.22,-51.29,—,—
8133,EPS GR 10Y avg,—,—,—,—,-35.16,—,—,—,—,—,—
8133,OCF GR,—,—,—,—,—,—,—,-84.60,-2.37,-50.54,—
8133,FCF GR,—,—,—,—,—,—,—,—,29.43,82.90,—
8133,D/E,0.95,0.95,0.68,0.02,0.02,0.02,0.03,0.05,0.06,0.11,0.11
8133,Price,0.5600,0.5750,1.2400,1.3100,1.8300,1.8500,2.0000,2.2900,2.7400,2.4300,3.4300
8141,Year End,TTM,2020-12,2019-12,2018-12,2017-12,2016-12,2015-12,2014-12,2013-12,2012-12,2011-12
8141,Revenue,46,34,8,27,11,21,7,17,10,32,19
8141,NP,39,33,-7,4,-11,3,12,4,-3,2,2
8141,EPS,0.14,0.12,-0.03,0.02,-0.04,0.01,0.04,0.01,-0.02,0.01,0.01
8141,DPS,—,—,—,—,—,0.02,—,—,—,—,—
8141,Div Payout,—,—,—,—,—,36.1,—,—,—,—,—
8141,Shares,294,285,257,257,257,257,318,184,183,175,169
8141,BVPS,0.71,0.63,0.70,0.84,0.83,0.68,0.82,0.85,0.84,0.87,0.70
8141,OCF,—,—,—,—,—,—,—,—,—,9,8
8141,FCF,2,-7,-2,5,-4,-14,17,9,3,9,7
8141,NP Margin,84.92,96.04,-81.76,14.72,-97.51,12.73,160.64,22.60,-32.07,7.45,9.03
8141,ROE,20.45,17.71,-3.93,2.03,-5.19,1.35,6.32,2.39,-2.14,1.33,0.84
8141,Revenue GR,519.96,306.38,-68.21,135.41,-46.49,215.70,-59.80,62.18,-68.02,66.27,21.53
8141,Revenue GR 3Y avg,—,44.89,-26.29,58.44,-12.10,27.20,-40.70,-4.81,-13.54,44.43,-13.43
8141,Revenue GR 5Y avg,—,38.73,-12.66,20.99,-18.84,1.82,-15.88,9.34,-19.17,-5.80,-12.68
8141,Revenue GR 10Y avg,—,8.03,-2.28,-1.11,-12.56,-5.71,—,—,—,—,—
8141,NP GR,—,—,—,-30.33,—,—,69.24,29.25,—,—,-25.29
8141,NP GR 3Y avg,—,23.30,—,—,—,9.06,—,—,—,-24.00,-32.07
8141,NP GR 5Y avg,—,—,—,-0.64,—,-13.93,—,—,—,—,—
8141,NP GR 10Y avg,0.0,0.0,0.0,0.0,0.0,0.0,0.0,0.0,0.0,0.0,0.0
8141,EPS GR,-135.82,—,—,—,—,-71.43,222.12,—,—,72.10,—
8141,EPS GR 3Y avg,—,—,—,-25.26,—,—,61.76,31.26,—,—,-25.03
8141,EPS GR 5Y avg,—,26.02,—,—,—,15.79,—,—,—,-20.23,-43.33
8141,EPS GR 10Y avg,—,—,—,2.51,—,-18.99,—,—,—,—,—
8141,OCF GR,—,—,—,628.86,—,—,79.08,-0.48,6.77,8.84,—
8141,FCF GR,—,—,—,—,—,—,76.88,188.05,-62.23,15.46,—
8141,D/E,0.06,0.06,0.07,0.06,0.05,0.03,0.01,0.02,0.02,0.02,—
8141,Price,0.4150,0.4350,0.3700,0.2150,0.3550,0.2600,0.3300,0.3100,0.5100,0.2800,0.2800
8192,Year End,TTM,2020-12,2019-12,2018-12,2017-12,2016-12,2015-12,2014-12,2013-12,2012-12,2011-12
8192,Revenue,8,10,85,105,74,71,66,47,48,49,50
8192,NP,-5,-4,—,2,14,7,6,5,7,6,8
8192,EPS,-0.11,-0.10,-0.01,0.04,0.35,0.16,0.14,0.12,0.16,0.16,0.19
8192,DPS,—,—,—,0.04,—,0.12,0.06,0.08,0.08,0.08,0.08
8192,Div Payout,—,—,—,98.7,21.2,40.3,42.5,60.2,49.2,51.3,—
8192,Shares,44,40,40,40,40,40,40,40,40,40,40
8192,BVPS,1.42,1.62,1.91,1.84,1.84,1.53,1.44,1.36,1.32,1.28,1.08
8192,OCF,2,31,17,-8,-31,8,10,5,8,6,7
8192,FCF,2,31,17,-8,-32,6,10,4,7,6,6
8192,NP Margin,-58.89,-39.32,-0.25,1.49,18.81,9.27,8.39,10.37,13.67,12.73,15.05
8192,ROE,-6.94,-6.23,-0.30,2.12,20.69,11.02,9.75,8.74,12.28,12.54,16.51
8192,Revenue GR,-96.28,-87.74,-18.66,41.87,4.51,6.66,42.73,-2.47,-3.01,-2.17,0.17
8192,Revenue GR 3Y avg,—,-47.90,6.44,16.51,16.74,14.08,10.52,-2.55,-1.68,0.27,1.76
8192,Revenue GR 5Y avg,—,-30.89,12.92,17.09,8.52,7.10,5.76,-0.95,—,5.82,5.68
8192,Revenue GR 10Y avg,—,-14.51,5.76,8.21,7.16,6.38,—,—,—,—,—
8192,NP GR,—,—,—,-34.54,42.38,0.23,-3.83,-13.94,-3.47,3.13,18.22
8192,NP GR 3Y avg,—,—,—,-24.86,17.33,-2.79,-5.14,-3.32,7.33,23.24,14.29
8192,NP GR 5Y avg,—,—,—,-10.19,20.25,5.40,—,—,—,—,—
8192,NP GR 10Y avg,0.0,0.0,0.0,0.0,0.0,0.0,0.0,0.0,0.0,0.0,0.0
8192,EPS GR,38.49,—,—,-88.78,111.99,17.88,15.49,-26.05,4.10,-17.20,4.38
8192,EPS GR 3Y avg,—,—,—,-34.54,42.37,0.23,-3.84,-13.94,-3.46,3.16,18.23
8192,EPS GR 5Y avg,—,—,—,-24.86,17.31,-2.80,-5.13,-3.31,7.33,21.38,11.92
8192,EPS GR 10Y avg,—,—,—,-10.19,19.33,4.30,—,—,—,—,—
8192,OCF GR,—,83.48,—,—,—,-24.02,124.25,-41.21,32.14,-17.36,421.37
8192,FCF GR,—,84.17,—,—,—,-36.29,131.98,-38.58,27.31,-0.80,362.66
8192,D/E,0.01,0.01,0.03,0.04,0.04,0.49,0.52,—,—,—,—
8192,Price,0.8100,0.7700,0.7600,0.9000,1.9600,1.2700,1.2100,1.2300,1.2700,1.0500,0.8300
8338,Year End,TTM,2020-12,2019-03,2018-03,2017-03,2016-03,2015-03,2014-03,2013-03,2012-03,2011-03
8338,Revenue,36,36,35,47,45,59,78,55,53,60,89
8338,NP,-10,-10,-12,-5,-3,-3,-4,-5,-5,-7,-2
8338,EPS,-0.02,-0.02,-0.03,-0.01,0.01,-0.01,-0.01,-0.01,-0.01,-0.02,-0.01
8338,DPS,—,—,—,—,—,—,—,—,—,—,—
8338,Div Payout,—,—,—,—,—,—,—,—,—,—,—
8338,Shares,617,494,421,421,416,383,383,383,383,383,383
8338,BVPS,0.04,—,0.05,0.07,0.07,0.08,0.09,0.09,0.11,0.13,—
8338,OCF,-10,-10,-5,-5,-3,—,-1,-4,—,-4,-2
8338,FCF,-11,-10,-9,-7,-3,-1,-2,-5,—,-4,-3
8338,NP Margin,-27.31,-26.92,-33.44,-10.71,-5.63,-4.67,-5.42,-9.28,-9.30,-11.11,-2.54
8338,ROE,-45.66,-41.67,-56.22,-17.46,-8.40,-9.13,-13.03,-13.71,-11.78,-13.94,-4.34
8338,Revenue GR,-0.51,1.18,-24.95,4.73,-23.06,-25.19,42.57,2.76,-11.25,-32.72,—
8338,Revenue GR 3Y avg,—,-5.69,-15.43,-15.52,-6.38,3.10,9.15,-15.02,6.19,3.57,—
8338,Revenue GR 5Y avg,—,-12.55,-8.40,-2.45,-5.63,-8.13,11.90,0.26,-6.38,-11.71,—
8338,Revenue GR 10Y avg,—,-1.94,-4.16,-4.44,-8.72,-2.41,—,—,—,—,—
8338,NP GR,—,—,—,—,—,—,—,—,—,—,—
8338,NP GR 3Y avg,—,—,—,—,—,—,—,—,—,—,—
8338,NP GR 5Y avg,—,—,—,—,—,—,—,—,—,—,—
8338,NP GR 10Y avg,0.0,0.0,0.0,0.0,0.0,0.0,0.0,0.0,0.0,0.0,0.0
8338,EPS GR,-18.18,—,—,—,—,—,—,—,—,—,—
8338,EPS GR 3Y avg,—,—,—,—,—,—,—,—,—,—,—
8338,EPS GR 5Y avg,—,—,—,—,—,—,—,—,—,—,—
8338,EPS GR 10Y avg,—,—,—,—,—,—,—,—,—,—,—
8338,OCF GR,—,—,—,—,—,—,—,—,—,—,—
8338,FCF GR,—,—,—,—,—,—,—,—,—,—,—
8338,D/E,0.01,0.01,0.01,—,—,0.01,0.01,0.02,0.04,—,—
8338,Price,1.8200,0.1800,0.1850,0.2200,0.2050,0.2100,0.5650,0.1550,0.2150,0.2450,0.2250
8346,Year End,TTM,2020-12,2019-12,2018-12,2017-12,2016-12,2015-12,2014-12,2013-12,2012-12,2011-12
8346,Revenue,130,131,150,197,186,147,135,165,132,157,129
8346,NP,-93,-95,-83,-105,-175,-16,80,39,26,38,30
8346,EPS,-0.93,-0.95,-0.83,-1.07,-1.75,-0.16,0.77,0.39,0.26,0.38,0.29
8346,DPS,—,—,—,—,—,—,—,—,0.09,0.03,0.03
8346,Div Payout,—,—,—,—,—,—,—,—,23.4,7.8,14.1
8346,Shares,100,100,100,100,100,100,100,100,100,100,100
8346,BVPS,0.85,1.75,2.58,3.00,5.44,5.68,5.87,5.54,5.03,4.68,4.10
8346,OCF,—,33,60,74,42,-99,-17,16,34,84,21
8346,FCF,8,16,32,12,-174,-187,-30,-8,15,60,17
8346,NP Margin,-72.04,-72.56,-55.47,-53.36,-94.17,-10.62,59.35,23.56,20.08,24.32,22.96
8346,ROE,-70.80,-68.46,-35.49,-31.43,-36.93,-2.73,14.03,7.20,5.39,8.46,7.04
8346,Revenue GR,-4.61,-12.34,-23.85,5.80,26.64,8.72,-18.06,24.89,-15.75,21.41,24.55
8346,Revenue GR 3Y avg,—,-10.94,0.67,13.36,4.10,3.62,-4.82,8.51,8.41,18.05,13.73
8346,Revenue GR 5Y avg,—,-0.56,-1.89,8.31,3.49,2.62,5.45,11.60,8.51,6.45,-0.87
8346,Revenue GR 10Y avg,—,2.40,4.64,8.41,4.96,0.86,—,—,—,—,—
8346,NP GR,—,—,—,—,—,—,28.14,9.44,14.24,47.72,33.32
8346,NP GR 3Y avg,—,—,—,—,—,—,35.16,26.86,16.21,23.11,8.62
8346,NP GR 5Y avg,—,—,—,—,—,—,—,—,—,—,—
8346,NP GR 10Y avg,0.0,0.0,0.0,0.0,0.0,0.0,0.0,0.0,0.0,0.0,0.0
8346,EPS GR,-22.73,—,—,—,—,—,106.39,46.58,-30.45,28.58,66.67
8346,EPS GR 3Y avg,—,—,—,—,—,—,28.14,9.44,14.23,47.71,33.32
8346,EPS GR 5Y avg,—,—,—,—,—,—,35.15,26.86,16.21,23.11,8.62
8346,EPS GR 10Y avg,—,—,—,—,—,—,—,—,—,—,—
8346,OCF GR,—,-45.09,-18.30,73.73,—,—,—,-51.64,-59.83,306.71,-48.56
8346,FCF GR,—,-51.29,162.06,—,—,—,—,—,-74.97,256.03,-58.23
8346,D/E,0.36,0.34,0.20,0.25,0.23,0.47,0.03,0.04,0.05,0.06,0.08
8346,Price,0.3450,0.3400,0.3750,0.3800,1.2800,1.6700,2.6600,2.3500,2.9200,1.2600,1.1200
8362,Year End,TTM,2021-01,2020-01,2019-01,2018-01,2017-01,2016-01,2015-01,2014-01,2013-01,2012-01
8362,Revenue,77,70,91,100,91,96,99,99,91,89,78
8362,NP,1,-1,-9,4,-1,1,-1,-3,6,-1,-5
8362,EPS,—,-0.01,-0.06,0.02,-0.01,—,-0.01,-0.02,0.04,-0.01,-0.05
8362,DPS,—,—,—,—,—,—,—,—,—,—,—
8362,Div Payout,—,—,—,—,—,—,—,—,—,—,—
8362,Shares,150,150,150,150,150,150,150,150,149,132,109
8362,BVPS,0.57,0.57,0.60,0.59,0.61,0.60,0.61,0.63,0.58,0.57,1.00
8362,OCF,4,6,6,8,6,6,3,-4,-3,3,-3
8362,FCF,4,6,5,7,—,4,2,-5,-5,-13,-6
8362,NP Margin,0.78,-1.51,-9.67,3.55,-0.96,0.66,-1.25,-2.97,6.98,-1.34,-6.45
8362,ROE,0.72,-1.25,-9.76,3.83,-0.96,0.69,-1.35,-3.14,7.15,-1.22,-4.72
8362,Revenue GR,52.56,-22.79,-9.19,9.65,-4.81,-3.19,-0.19,9.61,1.93,13.44,18.38
8362,Revenue GR 3Y avg,—,-8.39,-1.77,0.34,-2.75,1.93,3.70,8.22,11.03,10.78,13.06
8362,Revenue GR 5Y avg,—,-6.66,-1.74,2.02,0.55,4.14,8.41,8.72,10.81,4.49,2.11
8362,Revenue GR 10Y avg,—,0.59,3.35,6.33,2.50,3.12,3.11,—,—,—,—
8362,NP GR,—,—,—,—,—,-53.50,—,—,-30.86,—,—
8362,NP GR 3Y avg,—,—,—,-10.90,—,—,—,—,—,—,—
8362,NP GR 5Y avg,—,—,—,—,—,—,—,—,—,—,—
8362,NP GR 10Y avg,0.0,0.0,0.0,0.0,0.0,0.0,0.0,0.0,0.0,0.0,0.0
8362,EPS GR,-106.67,—,—,—,—,—,—,—,—,—,—
8362,EPS GR 3Y avg,—,—,—,—,—,-53.58,—,—,-40.86,—,—
8362,EPS GR 5Y avg,—,—,—,-10.81,—,—,—,—,—,—,—
8362,EPS GR 10Y avg,—,—,—,—,—,—,—,—,—,—,—
8362,OCF GR,—,7.83,-27.14,43.61,2.19,63.78,—,—,—,—,—
8362,FCF GR,—,11.63,-30.48,—,-92.62,78.18,—,—,—,—,—
8362,D/E,0.26,0.28,0.31,0.13,0.18,0.02,0.06,0.13,0.20,0.31,0.09
8362,Price,0.3750,0.3400,0.2500,0.3000,0.4850,0.3000,0.4300,0.6000,0.9200,0.8900,1.4400
8397,Year End,TTM,2020-03,2019-03,2018-03,2017-03,2016-03,2015-03,2014-03,2013-03,2012-03,2011-03
8397,Revenue,567,597,589,656,573,568,617,523,277,297,288
8397,NP,—,1,-1,31,81,77,73,75,17,1,28
8397,EPS,—,—,—,0.06,0.16,0.17,0.16,0.15,0.04,—,0.07
8397,DPS,—,—,—,0.02,0.05,0.04,0.02,0.02,0.01,0.01,0.01
8397,Div Payout,—,—,—,16.6,30.5,23.2,18.7,22.9,35.0,20.7,—
8397,Shares,499,454,456,504,499,465,428,484,429,429,429
8397,BVPS,1.40,1.55,1.57,1.53,1.46,1.14,0.99,0.86,0.66,0.64,—
8397,OCF,102,91,19,64,19,64,60,65,38,12,-12
8397,FCF,68,33,-73,-54,-145,-59,-42,-75,-50,-34,-19
8397,NP Margin,0.04,0.12,-0.24,4.76,14.21,13.57,11.81,14.27,6.26,0.36,9.86
8397,ROE,0.03,0.10,-0.20,4.59,12.97,14.59,17.00,21.63,6.10,0.38,11.69
8397,Revenue GR,2.17,1.28,-10.15,14.40,0.98,-7.95,17.96,88.90,-6.74,3.15,—
8397,Revenue GR 3Y avg,—,1.35,1.25,2.07,3.12,27.06,27.61,22.03,1.09,2.94,—
8397,Revenue GR 5Y avg,—,-0.66,2.42,18.83,14.07,14.56,18.15,13.95,1.06,5.09,—
8397,Revenue GR 10Y avg,—,8.34,8.03,9.58,9.49,11.01,—,—,—,—,—
8397,NP GR,—,-79.64,—,-24.59,2.97,64.41,308.26,38.01,14.40,-20.85,—
8397,NP GR 3Y avg,—,-60.64,—,12.50,137.82,22.11,44.45,103.09,-0.60,-28.53,—
8397,NP GR 5Y avg,—,-24.60,—,5.75,30.37,—,—,—,—,—,—
8397,NP GR 10Y avg,0.0,0.0,0.0,0.0,0.0,0.0,0.0,0.0,0.0,0.0,0.0
8397,EPS GR,220.51,—,—,-62.06,-1.36,6.62,0.76,281.43,—,-96.24,—
8397,EPS GR 3Y avg,—,-79.06,—,-26.38,1.95,60.03,296.64,32.58,14.38,-20.94,—
8397,EPS GR 5Y avg,—,-60.47,—,8.93,130.90,20.15,41.89,98.22,-0.61,-28.51,—
8397,EPS GR 10Y avg,—,-25.11,—,4.05,28.48,—,—,—,—,—,—
8397,OCF GR,—,370.14,-69.76,245.37,-71.20,7.75,-7.81,69.97,218.68,—,—
8397,FCF GR,—,—,—,—,—,—,—,—,—,—,—
8397,D/E,1.13,1.06,0.81,0.76,0.81,0.71,0.57,0.70,0.66,0.48,0.33
8397,Price,0.8500,0.8500,0.3200,0.6050,1.0300,1.7000,1.2400,1.1300,1.2800,2.3400,1.0800
8435,Year End,TTM,2020-08,2019-08,2018-08,2017-08,2016-08,2015-08,2014-08,2013-08,2012-08,2011-08
8435,Revenue,61,80,102,162,179,192,223,155,209,138,140
8435,NP,-22,-18,-12,-6,-5,12,2,-1,25,-3,1
8435,EPS,-0.29,-0.24,-0.15,-0.07,-0.07,0.16,0.03,-0.01,0.34,-0.04,0.02
8435,DPS,—,—,—,—,—,—,—,0.07,—,—,0.01
8435,Div Payout,—,—,—,—,—,—,—,—,—,101.8,—
8435,Shares,75,75,75,75,75,75,75,75,75,75,75
8435,BVPS,0.91,1.16,—,—,1.52,1.56,1.37,1.34,1.51,1.19,1.15
8435,OCF,-4,4,25,-6,4,-13,12,1,2,-1,15
8435,FCF,-6,2,23,-7,—,-16,11,—,—,-3,11
8435,NP Margin,-35.91,-22.55,-11.35,-3.44,-2.92,6.24,1.06,-0.55,12.03,-2.00,0.94
8435,ROE,-27.64,-20.67,-11.31,-5.03,-4.50,10.64,2.24,-0.79,26.12,-3.25,1.53
8435,Revenue GR,-29.40,-21.37,-37.10,-9.73,-6.74,-13.55,43.77,-26.01,51.71,-1.52,15.39
8435,Revenue GR 3Y avg,—,-23.57,-19.10,-10.05,5.04,-2.75,17.30,3.40,19.91,-16.89,-10.97
8435,Revenue GR 5Y avg,—,-18.48,-8.03,-4.99,5.41,6.56,12.90,-8.41,1.06,0.33,9.11
8435,Revenue GR 10Y avg,—,-4.07,-8.22,-2.01,2.84,7.83,—,—,—,—,—
8435,NP GR,—,—,—,—,—,-21.86,—,—,16.23,—,—
8435,NP GR 3Y avg,—,—,—,—,—,55.54,-31.79,—,—,—,—
8435,NP GR 5Y avg,—,—,—,—,—,—,—,—,—,—,—
8435,NP GR 10Y avg,0.0,0.0,0.0,0.0,0.0,0.0,0.0,0.0,0.0,0.0,0.0
8435,EPS GR,47.83,—,—,—,—,406.81,—,—,—,—,-91.77
8435,EPS GR 3Y avg,—,—,—,—,—,-21.86,—,—,16.23,—,—
8435,EPS GR 5Y avg,—,—,—,—,—,55.54,-31.78,—,—,—,—
8435,EPS GR 10Y avg,—,—,—,—,—,—,—,—,—,—,—
8435,OCF GR,—,-83.83,—,—,—,—,—,-30.89,—,—,162.98
8435,FCF GR,—,-89.27,—,—,—,—,—,—,—,—,—
8435,D/E,0.02,0.03,0.06,0.09,0.11,0.08,0.06,0.09,0.11,0.18,0.15
8435,Price,0.0000,0.4700,0.8450,1.3800,1.7500,1.6600,1.5100,1.6800,1.6700,1.3600,2.1800
8478,Year End,TTM,2020-12,2019-12,2018-12,2017-12,2016-12,2015-12,2014-12,2013-12,2012-12,2011-12
8478,Revenue,77,75,65,65,68,63,66,61,66,66,73
8478,NP,1,1,-2,-4,1,—,—,-2,—,-1,-2
8478,EPS,0.02,0.01,-0.03,-0.05,0.01,0.01,0.01,-0.06,0.01,-0.01,-0.04
8478,DPS,—,—,—,—,—,—,—,—,—,—,—
8478,Div Payout,—,—,—,—,—,—,—,—,—,—,—
8478,Shares,75,75,75,75,75,75,65,41,41,41,41
8478,BVPS,0.32,0.31,0.29,0.37,0.37,0.37,0.36,0.32,0.36,0.36,0.43
8478,OCF,10,3,-4,—,1,1,4,1,3,1,—
8478,FCF,2,-5,-5,-2,—,—,3,—,2,—,-3
8478,NP Margin,1.92,1.46,-3.40,-6.05,1.57,0.60,0.49,-3.98,0.61,-0.86,-2.45
8478,ROE,6.38,4.75,-9.40,-14.55,3.71,1.35,1.57,-17.28,2.70,-3.80,-10.97
8478,Revenue GR,14.34,14.69,0.95,-4.53,7.34,-4.77,8.16,-6.79,-0.97,-9.53,-4.63
8478,Revenue GR 3Y avg,—,3.39,1.14,-0.81,3.41,-1.35,-0.06,-5.83,-5.11,-2.70,-2.91
8478,Revenue GR 5Y avg,—,2.47,1.28,-0.32,0.41,-2.97,-2.94,-3.19,-3.89,-1.33,1.22
8478,Revenue GR 10Y avg,—,-0.27,-0.98,-2.12,-0.47,-0.89,—,—,—,—,—
8478,NP GR,—,1.05,—,—,—,-2.10,—,—,1.40,—,—
8478,NP GR 3Y avg,—,27.71,—,—,—,—,-3.49,—,-0.66,—,—
8478,NP GR 5Y avg,—,11.02,—,—,—,-15.89,—,—,—,—,—
8478,NP GR 10Y avg,0.0,0.0,0.0,0.0,0.0,0.0,0.0,0.0,0.0,0.0,0.0
8478,EPS GR,278.95,—,—,—,184.00,—,—,—,—,—,—
8478,EPS GR 3Y avg,—,0.93,—,—,—,-20.24,—,—,1.37,—,—
8478,EPS GR 5Y avg,—,23.90,—,—,—,—,-11.97,—,—,—,—
8478,EPS GR 10Y avg,—,4.44,—,—,—,-20.45,—,—,—,—,—
8478,OCF GR,—,—,—,—,-4.93,-71.49,263.31,-61.45,226.23,—,—
8478,FCF GR,—,—,—,—,—,—,—,-96.71,585.37,—,—
8478,D/E,0.05,0.06,0.05,0.02,0.01,—,0.01,0.04,0.05,0.08,0.14
8478,Price,0.4450,0.4100,0.2650,0.3000,0.3850,0.4650,0.4100,0.4400,0.4050,0.3800,0.6000
8486,Year End,TTM,2020-06,2019-06,2018-06,2017-06,2016-06,2015-06,2014-06,2013-06,2012-06,2011-06
8486,Revenue,515,412,476,380,340,565,721,818,"1,011","1,046",933
8486,NP,165,32,9,19,15,-387,-100,-249,11,3,208
8486,EPS,0.72,0.14,0.04,0.08,0.06,-1.69,-0.43,-1.08,0.05,0.01,0.90
8486,DPS,—,—,—,—,—,—,—,0.02,0.02,0.13,0.02
8486,Div Payout,—,—,—,—,—,—,—,183.5,194.5,2.2,—
8486,Shares,228,228,228,228,229,230,232,232,232,232,232
8486,BVPS,3.14,2.43,2.31,2.34,2.30,3.63,4.00,5.32,5.27,5.22,—
8486,OCF,-31,33,-18,18,10,-38,-6,-32,-77,-190,-350
8486,FCF,-32,31,-19,15,9,-40,-12,-46,-83,-191,-366
8486,NP Margin,31.96,7.71,1.91,5.05,4.34,-68.52,-13.86,-30.48,1.07,0.26,22.26
8486,ROE,25.67,5.62,1.65,3.55,2.80,-55.20,-10.81,-22.94,0.90,0.23,18.04
8486,Revenue GR,55.52,-13.55,25.11,12.02,-39.89,-21.67,-11.79,-19.12,-3.33,12.13,—
8486,Revenue GR 3Y avg,—,6.61,-5.56,-19.21,-25.39,-17.63,-11.65,-4.29,51.96,20.49,—
8486,Revenue GR 5Y avg,—,-10.62,-10.26,-17.76,-20.15,-9.54,20.14,6.46,20.82,28.74,—
8486,Revenue GR 10Y avg,—,3.63,-2.26,-0.32,1.39,9.24,—,—,—,—,—
8486,NP GR,—,29.12,—,—,—,—,—,—,-58.54,-74.55,—
8486,NP GR 3Y avg,—,—,—,12.09,39.79,—,—,—,—,—,—
8486,NP GR 5Y avg,—,-14.53,-25.29,—,—,—,—,—,—,—,—
8486,NP GR 10Y avg,0.0,0.0,0.0,0.0,0.0,0.0,0.0,0.0,0.0,0.0,0.0
8486,EPS GR,-108.42,250.00,-52.84,30.45,—,—,—,—,294.12,-98.67,—
8486,EPS GR 3Y avg,—,29.13,—,—,—,—,—,—,-58.60,-74.91,—
8486,EPS GR 5Y avg,—,—,—,12.47,40.30,—,—,—,—,—,—
8486,EPS GR 10Y avg,—,-14.42,-25.48,—,—,—,—,—,—,—,—
8486,OCF GR,—,—,—,86.63,—,—,—,—,—,—,—
8486,FCF GR,—,—,—,80.23,—,—,—,—,—,—,—
8486,D/E,—,—,—,—,—,—,—,—,—,—,—
8486,Price,0.6250,0.3200,0.4200,0.5250,0.5700,0.6100,0.6750,1.0400,1.2800,1.3600,1.6000
8532,Year End,TTM,2020-06,2019-06,2016-12,2015-12,2014-12,2013-12,2012-12,2011-12,2010-12,2009-12
8532,Revenue,9,9,16,172,186,160,172,164,152,280,307
8532,NP,1,2,-74,2,2,3,2,5,7,28,52
8532,EPS,—,0.01,-0.19,—,0.01,0.01,0.01,0.01,0.02,0.13,0.33
8532,DPS,—,—,—,—,—,—,—,—,—,—,—
8532,Div Payout,—,—,—,—,—,—,—,—,—,—,—
8532,Shares,424,399,395,"1,974",395,395,395,395,395,209,156
8532,BVPS,0.31,0.27,0.46,—,—,—,—,—,—,—,—
8532,OCF,16,18,24,18,33,2,-3,18,9,20,—
8532,FCF,15,18,10,18,32,2,-5,17,5,11,—
8532,NP Margin,16.13,23.42,-454.96,1.18,1.12,1.72,1.20,2.95,4.58,9.82,16.85
8532,ROE,1.16,1.76,-51.23,0.90,1.00,1.48,1.21,3.01,4.54,27.29,92.34
8532,Revenue GR,-97.27,-46.72,—,-7.26,16.13,-7.26,5.34,7.94,-45.90,—,—
8532,Revenue GR 3Y avg,—,-57.46,-50.16,-0.04,4.30,1.78,-14.95,-18.94,35.65,—,—
8532,Revenue GR 5Y avg,—,-41.15,-34.92,2.58,-7.90,-12.25,22.57,22.36,20.74,—,—
8532,Revenue GR 10Y avg,—,-28.81,-12.71,11.06,12.61,—,—,—,—,—,—
8532,NP GR,—,-0.10,—,-0.57,-24.46,-26.59,-57.81,-54.63,—,—,—
8532,NP GR 3Y avg,—,-5.40,—,-21.79,-40.33,-44.40,—,14.15,—,—,—
8532,NP GR 5Y avg,—,-26.55,—,—,—,—,—,—,—,—,—
8532,NP GR 10Y avg,0.0,0.0,0.0,0.0,0.0,0.0,0.0,0.0,0.0,0.0,0.0
8532,EPS GR,45.45,—,—,-9.09,-21.43,40.00,-58.33,-31.43,-86.69,—,—
8532,EPS GR 3Y avg,—,—,—,—,-22.90,-26.32,-66.37,-66.92,—,—,—
8532,EPS GR 5Y avg,—,-5.93,—,-22.16,-47.00,-53.77,—,-42.14,—,—,—
8532,EPS GR 10Y avg,—,-32.92,—,—,—,—,—,—,—,—,—
8532,OCF GR,—,-24.30,—,-45.37,—,—,—,94.83,-53.37,—,—
8532,FCF GR,—,67.86,—,-45.33,—,—,—,220.45,-48.92,—,—
8532,D/E,—,—,—,—,—,—,—,0.05,—,—,—
8532,Price,0.3950,0.4900,0.2000,0.2550,0.6850,0.1100,0.0500,0.0600,0.0600,0.0600,0.0900
8567,Year End,TTM,2020-12,2019-12,2018-12,2017-12,2016-12,2015-12,2014-12,2013-12,2012-12,2011-12
8567,Revenue,189,194,191,130,206,99,123,194,165,341,472
8567,NP,-1,-6,-9,2,-24,12,6,5,25,11,15
8567,EPS,—,-0.01,-0.01,—,-0.03,0.01,0.01,—,0.03,0.02,0.02
8567,DPS,—,—,—,0.01,—,0.01,—,—,0.01,0.01,0.01
8567,Div Payout,—,—,—,—,—,—,—,—,42.5,67.9,27.4
8567,Shares,"1,010",883,890,917,925,897,976,937,824,737,684
8567,BVPS,0.44,0.42,0.48,0.49,0.51,0.52,0.60,0.53,0.55,0.55,0.47
8567,OCF,10,-6,43,-30,-36,-57,43,-139,-41,-16,-56
8567,FCF,5,-6,42,-34,-40,-59,41,-141,-71,-81,-82
8567,NP Margin,-0.27,-3.12,-4.52,1.62,-11.54,11.97,4.50,2.37,15.15,3.31,3.10
8567,ROE,-0.12,-1.39,-1.97,0.47,-5.06,2.23,0.99,0.88,5.41,2.80,4.11
8567,Revenue GR,-11.53,1.49,46.90,-36.94,108.63,-19.59,-36.71,18.14,-51.70,-27.87,-14.08
8567,Revenue GR 3Y avg,—,-2.03,24.56,1.90,2.02,-15.60,-28.79,-25.61,-33.10,-2.69,23.23
8567,Revenue GR 5Y avg,—,9.54,-0.33,-4.58,-9.54,-26.85,-25.87,-12.07,-8.20,20.42,31.25
8567,Revenue GR 10Y avg,—,-9.89,-6.38,-6.41,4.37,-2.01,—,—,—,—,—
8567,NP GR,—,—,—,-27.44,—,-21.99,-21.11,-31.98,-2.36,-20.02,18.41
8567,NP GR 3Y avg,—,—,—,-38.95,—,-4.16,-27.04,-26.88,23.11,—,27.61
8567,NP GR 5Y avg,—,—,—,-13.30,—,10.59,—,—,—,—,—
8567,NP GR 10Y avg,0.0,0.0,0.0,0.0,0.0,0.0,0.0,0.0,0.0,0.0,0.0
8567,EPS GR,-89.52,—,—,—,—,113.41,15.49,-83.75,97.74,-26.33,-45.26
8567,EPS GR 3Y avg,—,—,—,-26.18,—,-26.29,-28.14,-38.14,-7.27,-23.83,14.47
8567,EPS GR 5Y avg,—,—,—,-40.36,—,-10.22,-31.61,-32.32,16.92,—,8.45
8567,EPS GR 10Y avg,—,—,—,-16.49,—,-1.33,—,—,—,—,—
8567,OCF GR,—,—,—,—,—,—,—,—,—,—,—
8567,FCF GR,—,—,—,—,—,—,—,—,—,—,—
8567,D/E,0.04,0.01,0.01,0.02,0.01,0.10,0.12,0.16,0.04,0.63,0.14
8567,Price,0.2350,0.2600,0.2450,0.2350,0.4400,0.5550,0.6200,0.6400,0.6600,0.4300,0.5100
8605,Year End,TTM,2020-06,2019-06,2018-06,2016-12,2015-12,2014-12,2013-12,2012-12,2011-12,2010-12
8605,Revenue,77,116,204,149,117,102,67,55,80,43,40
8605,NP,3,4,8,4,5,6,2,4,4,2,1
8605,EPS,0.01,0.02,0.03,0.02,0.04,0.05,0.02,0.03,0.04,0.02,—
8605,DPS,—,—,—,0.01,0.01,—,—,—,—,—,—
8605,Div Payout,—,16.1,—,22.6,—,—,—,—,—,—,—
8605,Shares,115,176,179,159,119,119,119,119,119,119,119
8605,BVPS,0.61,0.59,0.91,0.81,—,—,—,—,—,—,—
8605,OCF,2,-6,9,12,2,14,-4,4,2,2,—
8605,FCF,1,-7,8,9,-1,7,-4,—,—,1,-1
8605,NP Margin,3.16,3.10,2.96,2.04,3.92,6.26,2.83,6.63,5.59,5.70,1.35
8605,ROE,2.77,5.82,10.93,5.25,7.37,15.33,5.54,12.89,18.54,11.80,2.82
8605,Revenue GR,-38.14,-42.96,36.50,17.90,14.60,52.39,21.94,-31.46,86.84,6.81,—
8605,Revenue GR 3Y avg,—,-0.11,21.93,25.83,28.66,8.39,16.01,11.00,29.94,-7.30,—
8605,Revenue GR 5Y avg,—,10.59,26.98,12.03,22.22,20.51,12.89,0.40,8.63,-1.05,—
8605,Revenue GR 10Y avg,—,11.67,13.54,10.39,9.97,—,—,—,—,—,—
8605,NP GR,—,-0.61,5.60,22.51,8.02,12.55,-8.08,88.72,127.07,31.24,—
8605,NP GR 3Y avg,—,16.93,14.69,-2.66,13.41,63.82,37.75,27.47,-27.41,—,—
8605,NP GR 5Y avg,—,26.41,20.60,-15.35,—,—,—,—,—,—,—
8605,NP GR 10Y avg,0.0,0.0,0.0,0.0,0.0,0.0,0.0,0.0,0.0,0.0,0.0
8605,EPS GR,-23.08,-39.51,55.95,-31.93,-28.19,235.54,-47.63,-18.93,83.57,353.19,—
8605,EPS GR 3Y avg,—,-16.57,-12.37,9.08,8.06,12.52,-7.97,88.94,127.98,28.66,—
8605,EPS GR 5Y avg,—,4.57,1.86,-9.56,13.43,63.97,38.14,25.95,-30.43,—,—
8605,EPS GR 10Y avg,—,19.39,12.70,-20.18,—,—,—,—,—,—,—
8605,OCF GR,—,—,-27.89,235.53,-86.40,—,—,90.65,26.15,—,—
8605,FCF GR,—,—,-14.25,—,—,—,—,—,—,—,—
8605,D/E,0.04,0.04,0.05,0.05,0.11,0.10,0.06,0.02,0.04,0.01,0.01
8605,Price,0.5300,0.4450,0.3750,0.3600,0.7350,0.9050,0.8400,0.3000,0.2900,0.1900,0.1400
8648,Year End,TTM,2020-03,2019-03,2018-03,2017-03,2016-03,2015-03,2014-03,2013-03,2012-03,2011-03
8648,Revenue,21,31,34,26,36,43,64,59,63,53,60
8648,NP,-2,-4,-12,-4,—,-1,5,4,6,4,7
8648,EPS,-0.01,-0.01,-0.02,—,—,—,0.01,0.01,0.01,0.01,0.01
8648,DPS,—,—,—,—,0.01,—,—,0.01,0.01,0.01,0.01
8648,Div Payout,—,—,—,—,—,57.6,35.7,48.0,48.0,33.8,—
8648,Shares,—,450,450,450,450,450,450,450,450,450,450
8648,BVPS,0.14,0.15,0.17,0.18,0.20,0.21,0.20,0.20,0.19,0.19,—
8648,OCF,3,-2,-7,-3,2,7,1,10,-2,6,7
8648,FCF,2,-4,-8,-8,2,6,—,10,-3,5,6
8648,NP Margin,-10.71,-12.54,-35.66,-15.62,-0.60,-1.62,7.86,6.26,9.73,8.35,10.99
8648,ROE,-3.47,-5.78,-16.14,-4.82,-0.25,-0.76,5.51,4.14,7.13,5.36,8.49
8648,Revenue GR,-23.39,-8.99,32.17,-29.06,-16.46,-32.31,9.40,-6.39,19.03,-12.77,—
8648,Revenue GR 3Y avg,—,-5.15,-7.82,-26.24,-14.79,-11.49,6.83,-0.94,1.35,-6.44,—
8648,Revenue GR 5Y avg,—,-13.56,-10.32,-16.30,-7.17,-6.36,1.29,-1.81,0.15,-0.87,—
8648,Revenue GR 10Y avg,—,-6.43,-6.16,-8.44,-4.07,-1.16,—,—,—,—,—
8648,NP GR,—,—,—,—,—,—,4.71,-17.88,-6.22,-29.38,—
8648,NP GR 3Y avg,—,—,—,—,—,—,-7.35,-21.70,122.80,5.50,—
8648,NP GR 5Y avg,—,—,—,—,—,—,—,—,—,—,—
8648,NP GR 10Y avg,0.0,0.0,0.0,0.0,0.0,0.0,0.0,0.0,0.0,0.0,0.0
8648,EPS GR,-86.36,—,—,—,—,—,36.59,-39.71,38.78,-33.78,—
8648,EPS GR 3Y avg,—,—,—,—,—,—,4.55,-17.87,-6.05,-29.36,—
8648,EPS GR 5Y avg,—,—,—,—,—,—,-7.34,-21.67,132.54,5.50,—
8648,EPS GR 10Y avg,—,—,—,—,—,—,—,—,—,—,—
8648,OCF GR,—,—,—,—,-67.53,511.51,-88.78,—,—,-20.87,—
8648,FCF GR,—,—,—,—,-72.48,—,-96.15,—,—,-22.82,—
8648,D/E,—,—,—,—,—,—,—,—,—,—,—
8648,Price,0.1150,0.1150,0.0650,0.1200,0.1300,0.1600,0.1400,0.1700,0.1850,0.1400,0.1500
8672,Year End,TTM,2020-03,2019-03,2016-12,2015-12,2014-12,2013-12,2012-12,2011-12,2010-12,2009-12
8672,Revenue,87,109,117,165,170,184,205,216,215,208,194
8672,NP,-5,-2,—,2,-3,7,17,16,14,14,20
8672,EPS,-0.03,-0.01,—,0.01,-0.02,0.03,0.08,0.08,0.07,0.07,0.12
8672,DPS,—,—,—,—,—,0.04,0.03,0.04,0.02,—,—
8672,Div Payout,—,—,—,—,—,—,—,—,—,—,—
8672,Shares,198,198,198,198,198,198,198,198,198,198,170
8672,BVPS,1.09,—,—,—,—,—,—,—,—,—,—
8672,OCF,4,-3,9,-12,18,10,35,2,11,18,—
8672,FCF,4,-4,8,-14,-1,-3,33,—,8,15,—
8672,NP Margin,-6.03,-2.29,0.19,1.00,-1.90,3.89,8.08,7.24,6.66,6.52,10.09
8672,ROE,-2.38,-1.13,0.10,0.76,-1.48,3.23,7.77,7.83,7.59,7.68,12.09
8672,Revenue GR,-40.34,-6.66,-14.20,-2.84,-7.45,-10.25,-5.46,0.81,3.37,—,—
8672,Revenue GR 3Y avg,—,-9.87,-10.06,-6.90,-7.74,-5.07,-0.49,3.77,5.59,—,—
8672,Revenue GR 5Y avg,—,-9.55,-9.37,-5.11,-3.93,-1.06,2.33,4.06,4.95,—,—
8672,Revenue GR 10Y avg,—,-4.45,-3.63,-0.21,—,—,—,—,—,—,—
8672,NP GR,—,—,-55.75,-53.61,—,-20.65,6.84,-7.12,18.99,—,—
8672,NP GR 3Y avg,—,—,-49.35,-35.06,—,-18.25,14.27,14.62,24.33,—,—
8672,NP GR 5Y avg,—,—,-27.17,-10.15,—,—,—,—,—,—,—
8672,NP GR 10Y avg,0.0,0.0,0.0,0.0,0.0,0.0,0.0,0.0,0.0,0.0,0.0
8672,EPS GR,336.84,—,-58.65,—,—,-56.63,5.06,9.72,5.88,—,—
8672,EPS GR 3Y avg,—,—,-56.00,-54.15,—,-20.63,6.87,-11.76,17.84,—,—
8672,EPS GR 5Y avg,—,—,-49.54,-35.56,—,-20.73,13.53,13.47,21.67,—,—
8672,EPS GR 10Y avg,—,—,-27.65,-11.45,—,—,—,—,—,—,—
8672,OCF GR,—,—,—,—,82.72,-72.51,—,-77.97,-41.25,—,—
8672,FCF GR,—,—,—,—,—,—,—,—,-46.18,—,—
8672,D/E,0.24,0.23,0.21,0.23,0.20,0.22,0.16,0.20,0.18,0.21,0.25
8672,Price,0.2600,0.2500,0.2900,0.3500,0.3150,0.3750,0.6500,0.5100,0.5900,0.4800,0.3800
8702,Year End,TTM,2020-12,2019-12,2018-12,2017-12,2016-12,2015-12,2014-12,2013-12,2012-12,2011-12
8702,Revenue,"1,033","1,018","1,134","1,131","1,109","1,035","1,055","1,023",954,"1,011","1,084"
8702,NP,11,-2,-7,-6,-4,3,10,1,8,49,-5
8702,EPS,0.09,-0.02,-0.06,-0.05,-0.03,0.03,0.08,0.01,0.07,0.40,-0.04
8702,DPS,—,—,—,—,0.10,0.10,0.25,—,—,—,—
8702,Div Payout,—,—,—,—,383.1,—,238.8,—,—,—,—
8702,Shares,121,121,121,122,122,122,124,124,124,124,124
8702,BVPS,2.12,1.89,1.96,2.01,2.25,2.30,2.42,1.49,1.45,1.49,1.18
8702,OCF,85,63,77,37,7,42,18,28,32,31,47
8702,FCF,71,49,54,1,-17,13,-26,-2,7,-5,20
8702,NP Margin,1.09,-0.23,-0.61,-0.54,-0.33,0.31,0.95,0.12,0.89,4.88,-0.47
8702,ROE,4.62,-0.98,-2.90,-2.44,-1.34,1.13,4.22,0.64,4.66,30.05,-3.56
8702,Revenue GR,5.98,-10.28,0.25,2.07,7.08,-1.91,3.20,7.24,-5.65,-6.76,2.39
8702,Revenue GR 3Y avg,—,-2.81,3.09,2.35,2.73,2.78,1.45,-1.92,-3.42,-4.36,-8.83
8702,Revenue GR 5Y avg,—,-0.72,2.09,3.48,1.87,-0.91,-0.06,-2.41,-7.79,-4.27,-3.08
8702,Revenue GR 10Y avg,—,-0.39,-0.18,-2.32,-1.25,-2.00,—,—,—,—,—
8702,NP GR,—,—,—,—,—,-27.69,-41.19,—,—,—,—
8702,NP GR 3Y avg,—,—,—,—,—,—,—,—,—,22.24,—
8702,NP GR 5Y avg,—,—,—,—,—,-15.00,—,—,—,—,—
8702,NP GR 10Y avg,0.0,0.0,0.0,0.0,0.0,0.0,0.0,0.0,0.0,0.0,0.0
8702,EPS GR,-195.65,—,—,—,—,-67.37,751.58,-86.13,-82.78,—,—
8702,EPS GR 3Y avg,—,—,—,—,—,-27.23,-41.19,—,—,—,—
8702,EPS GR 5Y avg,—,—,—,—,—,—,—,—,—,22.25,—
8702,EPS GR 10Y avg,—,—,—,—,—,-14.83,—,—,—,—,—
8702,OCF GR,—,-18.05,108.37,425.36,-83.28,131.06,-35.15,-11.62,1.57,-33.22,127.40
8702,FCF GR,—,-8.30,—,—,—,—,—,—,—,—,—
8702,D/E,0.34,0.39,0.23,0.07,0.09,0.10,0.10,0.17,0.21,0.08,0.45
8702,Price,0.8050,0.6050,0.4850,0.7200,0.9350,1.4600,1.8200,0.9850,0.8400,0.5100,0.6000
8745,Year End,TTM,2020-06,2019-06,2018-06,2017-06,2016-06,2015-06,2014-06,2013-06,2010-12,2009-12
8745,Revenue,29,15,39,21,35,28,32,24,26,56,74
8745,NP,-15,-17,-24,-4,-16,-8,-1,-2,—,-27,5
8745,EPS,-0.10,-0.04,-0.06,-0.01,-0.04,-0.02,—,-0.01,—,-0.09,0.02
8745,DPS,—,—,—,—,—,—,—,—,—,—,—
8745,Div Payout,—,—,—,—,—,—,—,—,—,—,—
8745,Shares,550,409,402,402,402,386,302,302,302,302,302
8745,BVPS,0.12,0.13,0.17,0.21,0.26,0.28,0.32,0.33,0.33,—,—
8745,OCF,-23,-4,8,-2,—,-15,-6,1,11,5,—
8745,FCF,-24,-4,7,-8,-1,-15,-8,1,11,5,—
8745,NP Margin,-50.67,-115.09,-62.57,-17.43,-44.72,-29.23,-2.66,-10.41,1.81,-48.87,6.71
8745,ROE,-23.30,-30.73,-33.65,-4.30,-16.35,-8.22,-0.89,-2.52,0.48,-15.60,2.64
8745,Revenue GR,-12.33,-61.58,82.32,-39.33,24.99,-12.70,35.40,-9.73,—,—,—
8745,Revenue GR 3Y avg,—,-24.81,11.40,-12.84,13.89,2.19,—,-21.56,-25.67,—,—
8745,Revenue GR 5Y avg,—,-14.24,10.32,-4.15,—,-11.66,-14.12,-18.02,-24.38,—,—
8745,Revenue GR 10Y avg,—,-14.17,-5.57,-15.34,-11.84,—,—,—,—,—,—
8745,NP GR,—,—,—,—,—,—,—,—,-48.90,—,—
8745,NP GR 3Y avg,—,—,—,—,—,—,—,—,-46.90,—,—
8745,NP GR 5Y avg,—,—,—,—,—,—,—,—,—,—,—
8745,NP GR 10Y avg,0.0,0.0,0.0,0.0,0.0,0.0,0.0,0.0,0.0,0.0,0.0
8745,EPS GR,—,—,—,—,—,—,—,—,—,—,—
8745,EPS GR 3Y avg,—,—,—,—,—,—,—,—,-86.23,—,—
8745,EPS GR 5Y avg,—,—,—,—,—,—,—,—,-77.13,—,—
8745,EPS GR 10Y avg,—,—,—,—,—,—,—,—,—,—,—
8745,OCF GR,—,—,—,—,—,—,—,-90.37,—,—,—
8745,FCF GR,—,—,—,—,—,—,—,-93.70,—,—,—
8745,D/E,—,—,0.08,0.04,0.18,0.17,0.13,0.06,—,0.03,—
8745,Price,0.1450,0.2050,0.1800,0.2350,0.3150,0.1200,0.1600,0.2400,0.1600,0.1400,0.1600
8761,Year End,TTM,2020-03,2019-03,2018-03,2017-03,2016-03,2015-03,2014-03,2013-03,2012-03,2011-03
8761,Revenue,94,140,122,295,176,125,105,144,135,147,139
8761,NP,6,22,15,39,5,16,42,36,22,34,43
8761,EPS,0.02,0.06,0.04,0.11,0.01,0.05,0.12,0.10,0.06,0.10,0.15
8761,DPS,—,0.02,0.02,0.03,—,0.01,0.03,0.04,0.03,0.02,0.02
8761,Div Payout,—,19.0,207.1,12.1,—,59.1,10.0,83.3,21.3,15.6,—
8761,Shares,330,337,344,344,337,345,349,350,353,345,292
8761,BVPS,1.73,1.73,1.61,1.62,1.53,1.51,1.49,1.35,1.40,1.24,—
8761,OCF,36,67,2,42,46,17,6,53,38,102,45
8761,FCF,36,67,2,42,45,16,6,53,37,-33,33
8761,NP Margin,5.90,15.50,11.98,13.30,2.71,13.23,39.88,24.86,16.65,22.86,31.18
8761,ROE,0.97,3.91,2.66,7.32,0.91,3.21,8.49,7.65,4.86,7.69,10.84
8761,Revenue GR,8.62,14.82,-58.70,67.92,40.80,18.83,-27.19,7.06,-8.37,5.90,—
8761,Revenue GR 3Y avg,—,-7.31,-0.80,41.10,6.80,-2.52,-10.61,1.28,8.01,8.54,—
8761,Revenue GR 5Y avg,—,5.90,-3.32,16.97,3.63,-2.11,-0.36,4.64,0.77,2.65,—
8761,Revenue GR 10Y avg,—,2.72,0.58,8.57,3.14,-4.33,—,—,—,—,—
8761,NP GR,—,65.77,-4.00,-2.15,-48.99,-9.71,7.61,-6.09,24.02,35.57,—
8761,NP GR 3Y avg,—,-12.34,-16.44,11.84,-32.36,-17.54,28.93,21.59,-9.73,19.75,—
8761,NP GR 5Y avg,—,6.31,0.80,0.48,-10.00,-2.80,—,—,—,—,—
8761,NP GR 10Y avg,0.0,0.0,0.0,0.0,0.0,0.0,0.0,0.0,0.0,0.0,0.0
8761,EPS GR,-20.83,51.42,-62.77,707.80,-70.50,-60.18,17.35,61.01,-34.80,-34.13,—
8761,EPS GR 3Y avg,—,65.74,-3.91,-1.72,-48.34,-9.04,7.20,-11.57,14.18,24.22,—
8761,EPS GR 5Y avg,—,-11.76,-16.14,12.39,-32.06,-20.22,22.97,15.01,-14.61,13.39,—
8761,EPS GR 10Y avg,—,4.17,-1.79,-2.03,-12.23,-5.67,—,—,—,—,—
8761,OCF GR,—,—,-94.72,-8.25,173.21,182.50,-88.88,41.67,-63.08,123.92,—
8761,FCF GR,—,—,-96.35,-8.10,187.72,185.83,-89.55,42.68,—,—,—
8761,D/E,0.07,0.07,0.12,0.14,0.11,0.14,0.17,0.18,0.24,0.16,0.09
8761,Price,0.7950,0.7950,0.5550,0.7650,0.8750,0.8750,0.9150,1.0300,1.8700,1.1200,1.2200
8834,Year End,TTM,2020-03,2019-03,2018-03,2017-03,2016-03,2015-03,2014-03,2013-03,2012-03,2011-03
8834,Revenue,122,157,200,301,332,263,426,290,330,430,444
8834,NP,-48,-40,-28,7,4,-40,-2,-27,-40,10,-12
8834,EPS,-0.26,-0.22,-0.15,-0.09,0.02,-0.23,-0.02,-0.18,-0.29,0.07,-0.08
8834,DPS,—,—,0.02,0.02,—,0.03,—,—,0.04,0.04,0.04
8834,Div Payout,—,—,—,—,—,—,—,—,—,—,—
8834,Shares,—,187,187,176,171,171,157,151,140,140,140
8834,BVPS,0.32,0.57,0.78,0.84,0.93,0.88,1.15,1.17,1.53,1.61,—
8834,OCF,9,-26,-29,35,3,26,5,-4,20,39,42
8834,FCF,8,-30,-30,32,-4,19,2,-9,17,36,33
8834,NP Margin,-38.94,-25.70,-14.24,2.47,1.26,-15.03,-0.57,-9.43,-12.19,2.42,-2.64
8834,ROE,-57.14,-41.40,-20.72,4.92,2.95,-24.26,-1.43,-16.53,-19.92,4.67,-5.13
8834,Revenue GR,-6.89,-21.53,-33.44,-9.37,26.09,-38.26,47.13,-12.20,-23.25,-3.17,—
8834,Revenue GR 3Y avg,—,-22.06,-8.72,-10.98,4.63,-7.26,-0.29,-13.27,-5.67,9.92,—
8834,Revenue GR 5Y avg,—,-18.10,-7.13,-1.84,-5.05,-9.93,1.63,-2.20,1.94,18.17,—
8834,Revenue GR 10Y avg,—,-8.77,-4.69,0.03,5.93,1.33,—,—,—,—,—
8834,NP GR,—,—,—,—,—,—,—,—,—,19.89,—
8834,NP GR 3Y avg,—,—,—,—,-16.61,—,—,—,—,—,—
8834,NP GR 5Y avg,—,—,—,-26.11,—,—,—,—,—,—,—
8834,NP GR 10Y avg,0.0,0.0,0.0,0.0,0.0,0.0,0.0,0.0,0.0,0.0,0.0
8834,EPS GR,-67.10,—,—,72.65,—,—,—,—,—,—,—
8834,EPS GR 3Y avg,—,—,—,—,—,—,—,—,—,19.88,—
8834,EPS GR 5Y avg,—,—,—,—,-19.86,—,—,—,—,—,—
8834,EPS GR 10Y avg,—,—,—,-27.74,—,—,—,—,—,—,—
8834,OCF GR,—,—,—,—,-90.16,396.71,—,—,-48.63,-6.84,—
8834,FCF GR,—,—,—,—,—,—,—,—,-53.74,11.61,—
8834,D/E,0.39,0.47,0.25,0.21,0.20,0.09,0.13,0.31,0.27,0.17,0.14
8834,Price,0.3150,0.3150,0.3200,0.5450,0.6450,0.6600,0.5000,0.6700,0.8000,0.6600,0.6800
8885,Year End,TTM,2020-03,2019-03,2018-03,2017-03,2016-03,2015-03,2014-03,2013-03,2012-03,2011-03
8885,Revenue,30,66,111,131,154,194,189,209,216,240,504
8885,NP,-25,-22,-36,-11,-25,-24,1,2,2,2,2
8885,EPS,-0.03,-0.02,-0.04,-0.02,-0.03,-0.03,—,—,—,—,—
8885,DPS,—,—,—,—,—,—,—,—,—,—,—
8885,Div Payout,—,—,—,—,—,—,—,—,—,—,—
8885,Shares,937,916,859,859,859,859,859,859,859,859,859
8885,BVPS,0.20,0.23,0.31,0.33,0.35,0.40,0.41,0.40,0.40,0.40,—
8885,OCF,-3,—,3,-6,11,3,21,9,22,8,73
8885,FCF,-6,-2,2,-9,8,—,-2,-5,17,-4,17
8885,NP Margin,-82.60,-33.16,-31.99,-8.25,-15.90,-12.41,0.32,0.96,0.82,0.68,302.95
8885,ROE,-11.79,-10.36,-14.40,-3.80,-8.02,-7.20,0.17,0.58,0.51,0.48,447.77
8885,Revenue GR,-74.63,-40.40,-15.27,-14.77,-20.60,2.89,-9.64,-3.46,-9.87,-52.41,—
8885,Revenue GR 3Y avg,—,-24.50,-16.92,-11.37,-9.62,-3.54,-7.70,-25.46,-22.08,-24.31,—
8885,Revenue GR 5Y avg,—,-18.86,-11.82,-9.49,-8.47,-17.38,-16.22,-17.71,-12.15,-9.07,—
8885,Revenue GR 10Y avg,—,-17.55,-14.82,-10.83,-8.77,-6.54,—,—,—,—,—
8885,NP GR,—,—,—,—,—,—,-28.34,9.62,—,-44.20,—
8885,NP GR 3Y avg,—,—,—,—,—,—,—,-26.52,-36.58,-45.67,—
8885,NP GR 5Y avg,—,—,—,—,—,—,—,—,—,—,—
8885,NP GR 10Y avg,0.0,0.0,0.0,0.0,0.0,0.0,0.0,0.0,0.0,0.0,0.0
8885,EPS GR,1000.00,—,—,—,—,—,-69.57,9.52,10.53,5.56,—
8885,EPS GR 3Y avg,—,—,—,—,—,—,-28.31,8.51,—,-44.14,—
8885,EPS GR 5Y avg,—,—,—,—,—,—,—,-26.74,-36.41,-45.69,—
8885,EPS GR 10Y avg,—,—,—,—,—,—,—,—,—,—,—
8885,OCF GR,—,-95.24,—,—,237.05,-85.04,143.23,-60.07,164.74,-88.66,—
8885,FCF GR,—,—,—,—,—,—,—,—,—,—,—
8885,D/E,0.29,0.25,0.22,0.22,0.21,0.24,0.14,0.19,0.25,0.15,0.19
8885,Price,0.1050,0.1050,0.0500,0.1300,0.3150,0.3400,0.3750,0.3700,0.4300,0.3900,0.4100
8907,Year End,TTM,2020-06,2019-06,2018-06,2017-06,2016-06,2015-06,2014-06,2013-06,2012-06,2011-06
8907,Revenue,"1,054","1,003","1,013","1,017","1,008",712,636,993,800,850,850
8907,NP,—,-14,13,18,22,17,26,2,2,1,3
8907,EPS,-0.01,-0.05,0.04,0.06,0.08,0.08,0.31,0.02,0.02,0.02,0.03
8907,DPS,—,—,—,—,—,—,—,—,—,—,—
8907,Div Payout,—,—,—,—,—,—,—,—,—,—,—
8907,Shares,295,257,263,318,288,219,86,87,87,87,87
8907,BVPS,1.00,1.14,1.15,1.03,1.28,1.10,1.49,1.43,1.33,1.28,—
8907,OCF,15,25,81,38,49,-33,-4,55,26,-4,13
8907,FCF,-41,-48,-16,23,-9,-62,-19,15,-8,-13,8
8907,NP Margin,-0.03,-1.36,1.24,1.82,2.21,2.39,4.16,0.20,0.23,0.16,0.33
8907,ROE,-0.11,-4.67,4.39,6.80,8.92,9.32,20.88,1.70,1.62,1.28,2.67
8907,Revenue GR,9.58,-0.96,-0.38,0.82,41.57,11.99,-35.95,24.15,-5.92,0.07,—
8907,Revenue GR 3Y avg,—,-0.18,12.45,16.92,0.51,-3.79,-9.22,5.33,10.61,32.17,—
8907,Revenue GR 5Y avg,—,9.54,0.39,4.91,3.47,-3.47,1.48,21.95,17.06,13.13,—
8907,Revenue GR 10Y avg,—,5.43,10.65,10.82,8.19,4.74,—,—,—,—,—
8907,NP GR,—,—,-9.60,-11.29,122.13,110.46,167.17,-10.32,-11.78,-11.84,—
8907,NP GR 3Y avg,—,—,44.03,58.86,74.16,43.34,58.33,0.04,-11.48,-24.14,—
8907,NP GR 5Y avg,—,—,20.04,18.58,14.94,11.57,—,—,—,—,—
8907,NP GR 10Y avg,0.0,0.0,0.0,0.0,0.0,0.0,0.0,0.0,0.0,0.0,0.0
8907,EPS GR,-161.79,—,-30.64,-29.75,6.16,-74.56,—,11.07,31.89,-50.67,—
8907,EPS GR 3Y avg,—,—,-19.72,-42.53,52.23,54.53,167.45,-10.26,-21.84,-16.69,—
8907,EPS GR 5Y avg,—,—,11.44,22.45,38.88,19.15,47.26,-3.27,-12.40,-20.62,—
8907,EPS GR 10Y avg,—,—,3.83,3.57,5.00,3.87,—,—,—,—,—
8907,OCF GR,—,-69.51,115.37,-23.87,—,—,—,112.61,—,—,—
8907,FCF GR,—,—,—,—,—,—,—,—,—,—,—
8907,D/E,0.14,0.02,0.03,0.03,0.05,0.06,0.17,0.20,0.07,0.14,0.12
8907,Price,0.7550,0.3550,0.3950,0.4700,0.8150,0.8600,0.6500,0.8800,0.2800,0.2800,0.3800
8923,Year End,TTM,2020-12,2019-12,2018-12,2017-12,2016-12,2015-12,2014-12,2013-12,2012-12,2011-12
8923,Revenue,51,59,40,32,62,18,11,—,6,10,15
8923,NP,4,6,4,1,-3,-3,-1,-2,5,-2,-1
8923,EPS,0.02,0.03,0.02,—,-0.02,-0.02,—,-0.02,0.05,-0.02,-0.01
8923,DPS,—,—,—,—,—,—,—,—,—,—,—
8923,Div Payout,—,—,—,—,—,—,—,—,—,—,—
8923,Shares,172,167,167,242,237,227,227,89,85,85,85
8923,BVPS,0.33,0.29,0.31,0.26,0.30,0.31,0.29,0.12,0.17,0.18,0.21
8923,OCF,3,27,5,1,18,-20,-37,-4,—,-1,-1
8923,FCF,3,27,5,1,17,-20,-37,-4,—,-1,-1
8923,NP Margin,7.84,9.55,10.78,2.39,-5.58,-18.68,-5.71,—,73.09,-15.49,-8.24
8923,ROE,6.37,9.75,8.25,1.65,-7.78,-7.27,-1.41,-6.10,26.12,-10.00,-7.26
8923,Revenue GR,-38.52,45.79,23.98,-47.97,241.96,59.18,—,—,-38.30,-32.89,-48.70
8923,Revenue GR 3Y avg,—,-2.03,30.17,41.48,—,42.14,3.64,—,-40.34,-54.50,-35.31
8923,Revenue GR 5Y avg,—,38.62,—,38.57,43.38,3.52,-17.46,—,-35.42,-27.91,-22.44
8923,Revenue GR 10Y avg,—,6.97,-9.51,-7.90,-0.77,-11.29,—,—,—,—,—
8923,NP GR,—,—,—,—,—,—,—,—,—,—,—
8923,NP GR 3Y avg,—,—,—,-30.09,—,—,—,—,50.09,—,—
8923,NP GR 5Y avg,—,—,—,5.22,—,—,—,—,—,—,—
8923,NP GR 10Y avg,0.0,0.0,0.0,0.0,0.0,0.0,0.0,0.0,0.0,0.0,0.0
8923,EPS GR,-82.50,18.16,711.91,—,—,—,—,—,—,—,—
8923,EPS GR 3Y avg,—,—,—,—,—,—,—,—,—,—,—
8923,EPS GR 5Y avg,—,—,—,-43.24,—,—,—,—,50.09,—,—
8923,EPS GR 10Y avg,—,—,—,-4.49,—,—,—,—,—,—,—
8923,OCF GR,—,472.95,558.62,-95.95,—,—,—,—,—,—,—
8923,FCF GR,—,478.27,594.98,-96.19,—,—,—,—,—,—,—
8923,D/E,—,—,—,0.07,—,0.69,0.33,—,0.01,0.15,0.06
8923,Price,0.3950,0.5450,0.3350,0.3600,0.3000,0.2500,0.2350,0.2400,0.3200,0.3100,0.6500
8931,Year End,TTM,2020-06,2019-06,2018-06,2017-06,2016-06,2016-03,2015-03,2014-03,2013-03,2012-03
8931,Revenue,277,377,503,464,462,504,389,337,321,321,317
8931,NP,-71,-60,2,8,4,7,6,10,3,7,8
8931,EPS,-0.86,-0.73,0.03,0.09,0.05,0.09,0.07,0.12,0.04,0.09,0.10
8931,DPS,—,—,0.01,0.01,—,—,—,—,—,0.02,0.02
8931,Div Payout,—,—,—,—,—,—,—,—,—,—,—
8931,Shares,82,82,82,82,82,82,82,82,82,82,82
8931,BVPS,0.54,—,—,—,—,—,—,—,—,—,—
8931,OCF,-13,—,-4,20,-10,10,-12,4,-7,12,5
8931,FCF,-15,—,-11,-4,-26,-24,-32,-9,-14,-2,1
8931,NP Margin,-25.48,—,0.47,1.64,0.80,1.41,1.54,2.97,1.02,2.18,2.67
8931,ROE,-58.68,—,1.56,5.11,2.58,5.12,4.38,7.79,2.70,5.99,7.65
8931,Revenue GR,-74.12,—,8.44,0.30,-8.23,180.98,15.43,5.09,-0.02,1.37,12.15
8931,Revenue GR 3Y avg,—,—,-0.06,8.08,15.02,22.16,6.64,2.13,4.36,8.41,5.20
8931,Revenue GR 5Y avg,—,—,9.84,9.04,8.95,11.53,6.63,6.01,3.36,—,—
8931,Revenue GR 10Y avg,—,—,7.75,5.93,4.97,—,—,—,—,—,—
8931,NP GR,—,—,-30.56,11.04,-35.67,40.94,-4.92,5.91,-4.79,209.06,111.95
8931,NP GR 3Y avg,—,—,-28.69,21.85,-13.84,-3.95,9.58,111.50,29.94,—,—
8931,NP GR 5Y avg,—,—,28.32,26.15,-3.31,—,—,—,—,—,—
8931,NP GR 10Y avg,0.0,0.0,0.0,0.0,0.0,0.0,0.0,0.0,0.0,0.0,0.0
8931,EPS GR,—,—,-68.72,104.64,-47.75,96.09,-40.02,205.50,-52.94,-17.40,121.77
8931,EPS GR 3Y avg,—,—,-30.58,11.00,-35.64,40.99,-4.82,5.90,-4.83,208.32,112.00
8931,EPS GR 5Y avg,—,—,-28.70,21.86,-13.76,-3.95,9.58,111.32,29.94,—,—
8931,EPS GR 10Y avg,—,—,28.25,26.15,-3.29,—,—,—,—,—,—
8931,OCF GR,—,—,—,—,—,—,—,—,—,154.81,113.02
8931,FCF GR,—,—,—,—,—,—,—,—,—,—,—
8931,D/E,0.09,—,0.01,0.02,0.05,0.09,0.09,0.05,—,—,—
8931,Price,0.3150,0.4200,0.3300,0.3550,0.4100,0.6000,0.5350,0.9150,0.4250,0.4300,0.4400
9008,Year End,TTM,2020-03,2019-03,2018-03,2017-03,2016-03,2015-03,2014-03,2013-03,2012-03,2011-03
9008,Revenue,263,256,253,355,420,407,435,352,339,295,311
9008,NP,-1,24,-18,-132,-12,-23,—,30,-40,-11,-20
9008,EPS,—,0.05,-0.04,-0.29,-0.03,-0.06,—,0.08,-0.19,-0.05,-0.09
9008,DPS,—,—,—,—,—,—,—,—,—,—,—
9008,Div Payout,—,—,—,—,—,—,—,—,—,—,—
9008,Shares,532,483,455,431,417,388,388,367,209,209,209
9008,BVPS,0.38,0.31,0.32,0.63,0.67,0.69,0.66,0.63,0.85,0.93,—
9008,OCF,-8,-10,-10,-18,21,-22,-21,10,10,-8,15
9008,FCF,-55,-11,-14,-22,-27,-28,-24,3,7,-9,13
9008,NP Margin,-0.35,9.40,-7.21,-37.12,-2.88,-5.65,-0.03,8.55,-11.68,-3.71,-6.28
9008,ROE,-0.50,14.40,-12.35,-61.11,-4.47,-8.61,-0.05,15.18,-24.81,-5.99,-9.62
9008,Revenue GR,28.84,1.01,-28.64,-15.61,3.22,-6.52,23.61,4.03,14.82,-5.28,—
9008,Revenue GR 3Y avg,—,-15.27,-14.66,-6.62,6.05,6.33,13.87,4.20,1.76,-8.06,—
9008,Revenue GR 5Y avg,—,-10.11,-6.40,0.93,7.34,5.51,6.26,-1.48,-0.53,0.61,—
9008,Revenue GR 10Y avg,—,-2.26,-3.97,0.20,3.92,10.88,—,—,—,—,—
9008,NP GR,—,—,—,—,—,—,—,—,—,—,—
9008,NP GR 3Y avg,—,—,—,—,—,—,—,26.81,—,—,—
9008,NP GR 5Y avg,—,6.65,—,—,—,—,—,—,—,—,—
9008,NP GR 10Y avg,0.0,0.0,0.0,0.0,0.0,0.0,0.0,0.0,0.0,0.0,0.0
9008,EPS GR,-175.00,—,—,—,—,—,—,—,—,—,—
9008,EPS GR 3Y avg,—,—,—,—,—,—,—,—,—,—,—
9008,EPS GR 5Y avg,—,—,—,—,—,—,—,13.04,—,—,—
9008,EPS GR 10Y avg,—,-1.92,—,—,—,—,—,—,—,—,—
9008,OCF GR,—,—,—,—,—,—,—,2.29,—,—,—
9008,FCF GR,—,—,—,—,—,—,—,-59.46,—,—,—
9008,D/E,0.06,0.07,0.07,0.10,0.07,0.10,0.07,0.06,0.09,0.08,0.23
9008,Price,0.4750,0.4750,0.4500,0.4000,0.4550,0.5400,0.4800,0.5050,0.8000,0.6550,0.8500
9016,Year End,TTM,2020-03,2019-03,2018-03,2017-03,2016-03,2015-03,2014-03,2013-03,2012-03,2011-03
9016,Revenue,58,42,67,149,121,134,392,248,339,375,326
9016,NP,-29,-33,-12,-19,-10,-4,66,19,18,38,25
9016,EPS,-0.19,-0.21,-0.07,-0.13,-0.06,-0.03,0.41,0.12,0.11,0.23,0.15
9016,DPS,—,—,0.05,—,—,—,—,0.03,0.05,0.02,0.05
9016,Div Payout,—,—,—,—,—,—,—,26.4,32.2,35.5,—
9016,Shares,161,161,162,162,163,163,165,166,166,166,166
9016,BVPS,2.55,2.64,2.68,2.78,2.88,2.97,2.93,2.51,2.43,2.33,—
9016,OCF,10,-34,-3,63,21,10,115,-16,-55,75,47
9016,FCF,10,-37,-3,63,21,8,114,-18,-58,70,45
9016,NP Margin,-50.33,-77.36,-17.12,-12.99,-8.00,-3.15,16.92,7.61,5.33,10.06,7.80
9016,ROE,-7.11,-8.09,-2.66,-4.27,-2.07,-0.89,14.83,4.61,4.56,10.07,7.25
9016,Revenue GR,110.85,-37.01,-54.95,23.12,-9.30,-65.91,58.06,-26.74,-9.60,14.82,—
9016,Revenue GR 3Y avg,—,-29.57,-20.46,-27.53,-21.23,-26.64,1.54,-8.72,6.66,8.78,—
9016,Revenue GR 5Y avg,—,-35.92,-22.98,-15.11,-20.20,-16.34,7.04,-3.14,-1.32,2.62,—
9016,Revenue GR 10Y avg,—,-17.18,-13.63,-8.48,-9.51,-7.23,—,—,—,—,—
9016,NP GR,—,—,—,—,—,—,20.77,-9.46,-13.73,13.13,—
9016,NP GR 3Y avg,—,—,—,—,—,—,18.74,-6.21,-15.52,-5.27,—
9016,NP GR 5Y avg,—,—,—,—,—,—,—,—,—,—,—
9016,NP GR 10Y avg,0.0,0.0,0.0,0.0,0.0,0.0,0.0,0.0,0.0,0.0,0.0
9016,EPS GR,582.08,—,—,—,—,—,241.67,9.09,-52.17,48.42,—
9016,EPS GR 3Y avg,—,—,—,—,—,—,21.25,-8.17,-13.71,13.22,—
9016,EPS GR 5Y avg,—,—,—,—,—,—,19.08,-5.41,-15.51,-5.23,—
9016,EPS GR 10Y avg,—,—,—,—,—,—,—,—,—,—,—
9016,OCF GR,—,—,—,201.54,109.84,-91.31,—,—,—,59.84,—
9016,FCF GR,—,—,—,201.48,161.83,-93.03,—,—,—,55.56,—
9016,D/E,0.04,0.02,0.02,0.02,0.03,0.04,0.03,—,—,—,—
9016,Price,0.6750,0.6750,0.4300,0.8000,0.8050,0.9500,1.1100,1.4200,1.3600,0.9250,1.0800
9075,Year End,TTM,2020-12,2019-12,2018-12,2017-12,2016-12,2015-12,2014-12,2013-12,2012-12,2011-12
9075,Revenue,50,48,50,70,90,136,150,98,95,75,58
9075,NP,-7,-7,—,-2,1,2,2,-7,-8,-7,-13
9075,EPS,-0.07,-0.07,—,-0.01,0.01,0.02,0.02,-0.07,-0.07,-0.07,-0.15
9075,DPS,—,—,—,—,—,—,—,—,—,—,—
9075,Div Payout,—,—,—,—,—,—,—,—,—,—,—
9075,Shares,107,107,107,107,107,107,107,107,107,107,86
9075,BVPS,0.58,0.63,0.55,0.60,0.62,0.63,0.54,0.60,0.67,0.74,0.82
9075,OCF,9,-3,3,21,-5,40,1,-3,4,-7,-1
9075,FCF,7,-5,—,20,-6,30,-13,-5,2,-11,-2
9075,NP Margin,-14.70,-14.67,0.36,-2.28,1.54,1.22,1.52,-7.25,-8.45,-9.26,-21.89
9075,ROE,-11.27,-10.57,0.26,-2.34,2.02,2.46,3.51,-10.53,-10.65,-8.42,-18.37
9075,Revenue GR,26.77,-4.79,-29.19,-22.09,-33.64,-9.41,53.05,3.60,26.05,28.79,-32.16
9075,Revenue GR 3Y avg,—,-19.32,-28.47,-22.34,-2.74,12.83,25.96,18.92,3.27,-0.19,-2.02
9075,Revenue GR 5Y avg,—,-20.59,-12.69,-5.78,3.74,18.45,11.80,5.36,8.83,2.14,8.41
9075,Revenue GR 10Y avg,—,-5.78,-4.08,1.26,2.94,13.32,—,—,—,—,—
9075,NP GR,—,—,-52.29,—,—,—,—,—,—,—,—
9075,NP GR 3Y avg,—,—,—,—,—,—,—,—,—,—,—
9075,NP GR 5Y avg,—,—,-47.08,—,-4.04,—,—,—,—,—,—
9075,NP GR 10Y avg,0.0,0.0,0.0,0.0,0.0,0.0,0.0,0.0,0.0,0.0,0.0
9075,EPS GR,190.00,—,—,—,-16.13,-27.57,—,—,—,—,—
9075,EPS GR 3Y avg,—,—,-52.13,—,—,—,—,—,—,—,—
9075,EPS GR 5Y avg,—,—,—,—,—,—,—,—,—,—,—
9075,EPS GR 10Y avg,—,—,-52.49,—,-22.35,—,—,—,—,—,—
9075,OCF GR,—,—,-88.05,—,—,—,—,—,—,—,—
9075,FCF GR,—,—,—,—,—,—,—,—,—,—,—
9075,D/E,0.05,0.06,0.02,—,0.01,0.06,0.06,—,—,—,—
9075,Price,0.9350,0.7650,0.4300,0.2650,0.4600,0.2900,0.2850,0.3300,0.3900,0.3000,0.5100
9083,Year End,TTM,2020-12,2019-12,2018-12,2017-12,2016-12,2015-12,2014-12,2013-12,2012-12,2011-12
9083,Revenue,172,158,176,194,147,153,175,159,221,136,139
9083,NP,-8,-9,-6,-10,-4,-25,2,-8,-8,—,-5
9083,EPS,-0.04,-0.04,-0.03,-0.05,-1.84,-0.13,0.01,-0.04,-0.05,-0.04,-0.04
9083,DPS,—,—,—,—,—,—,—,—,—,—,0.01
9083,Div Payout,—,—,—,—,—,—,—,—,—,—,—
9083,Shares,233,214,212,207,200,188,188,172,169,131,129
9083,BVPS,0.35,0.35,0.44,0.47,0.50,0.60,0.61,0.63,0.72,0.73,0.89
9083,OCF,-1,9,2,4,-6,8,10,—,2,-10,-16
9083,FCF,-6,2,-5,1,-8,5,8,-5,—,-28,-17
9083,NP Margin,-4.47,-5.84,-3.42,-5.22,-2.57,-16.20,1.06,-4.75,-3.52,0.20,-3.86
9083,ROE,-9.30,-11.05,-6.75,-10.41,-3.75,-23.00,1.63,-6.61,-6.63,0.24,-5.04
9083,Revenue GR,39.20,-10.19,-9.17,31.37,-3.59,-12.86,10.30,-28.07,63.00,-2.11,-27.76
9083,Revenue GR 3Y avg,—,2.33,4.78,3.34,-2.51,-11.57,8.95,4.70,4.85,3.42,6.76
9083,Revenue GR 5Y avg,—,-2.08,2.03,-2.62,1.67,1.98,-1.77,5.34,14.19,1.46,6.24
9083,Revenue GR 10Y avg,—,-1.93,3.67,5.45,1.57,4.09,—,—,—,—,—
9083,NP GR,—,—,—,—,—,—,89.69,—,—,-65.75,—
9083,NP GR 3Y avg,—,—,—,—,—,—,-16.77,—,—,—,—
9083,NP GR 5Y avg,—,—,—,—,—,—,—,—,—,—,—
9083,NP GR 10Y avg,0.0,0.0,0.0,0.0,0.0,0.0,0.0,0.0,0.0,0.0,0.0
9083,EPS GR,-93.67,—,—,—,—,—,—,—,—,—,—
9083,EPS GR 3Y avg,—,—,—,—,—,—,67.68,—,—,-65.04,—
9083,EPS GR 5Y avg,—,—,—,—,—,—,-22.84,—,—,—,—
9083,EPS GR 10Y avg,—,—,—,—,—,—,—,—,—,—,—
9083,OCF GR,—,266.81,-31.92,—,—,-18.65,—,—,—,—,—
9083,FCF GR,—,—,—,—,—,-28.86,—,—,—,—,—
9083,D/E,0.30,0.33,0.23,0.24,0.25,0.26,0.25,0.29,0.27,0.25,0.34
9083,Price,0.2050,0.2500,0.1300,0.2000,0.2650,0.3300,0.2650,0.4450,1.6300,1.1700,1.2700
9091,Year End,TTM,2020-03,2019-03,2018-03,2017-03,2016-03,2015-03,2014-03,2013-03,2010-12,2009-12
9091,Revenue,38,53,52,58,70,80,75,69,78,65,61
9091,NP,-2,1,1,—,2,4,2,—,-2,1,1
9091,EPS,-0.01,0.01,0.01,—,0.02,0.04,0.02,—,-0.02,0.01,0.02
9091,DPS,—,—,—,—,—,—,—,—,—,—,—
9091,Div Payout,—,—,—,—,—,—,—,—,—,—,—
9091,Shares,113,106,101,96,96,96,96,96,96,96,79
9091,BVPS,0.39,0.43,0.41,0.44,0.47,0.42,0.33,0.35,—,—,—
9091,OCF,-3,4,—,1,—,4,3,2,28,5,—
9091,FCF,-3,3,-1,-1,-1,3,1,1,27,3,—
9091,NP Margin,-4.24,1.15,1.08,-0.38,2.28,4.58,2.38,0.47,-2.55,1.63,2.05
9091,ROE,-3.59,1.36,1.30,-0.51,3.84,9.49,5.24,1.03,-5.98,3.97,5.07
9091,Revenue GR,-32.68,0.68,-10.57,-16.83,-12.17,6.08,8.91,-10.80,—,—,—
9091,Revenue GR 3Y avg,—,-9.19,-13.23,-8.15,0.49,1.01,—,2.10,7.62,—,—
9091,Revenue GR 5Y avg,—,-6.95,-5.47,-5.52,—,4.12,4.07,1.17,2.20,—,—
9091,Revenue GR 10Y avg,—,-1.46,-2.13,-1.64,0.87,—,—,—,—,—,—
9091,NP GR,—,-27.74,-46.38,—,69.68,—,—,-30.16,—,—,—
9091,NP GR 3Y avg,—,-19.54,11.46,—,—,26.78,7.07,—,—,—,—
9091,NP GR 5Y avg,—,-6.86,—,—,-10.11,—,—,—,—,—,—
9091,NP GR 10Y avg,0.0,0.0,0.0,0.0,0.0,0.0,0.0,0.0,0.0,0.0,0.0
9091,EPS GR,-554.55,1.79,—,—,-56.28,104.28,450.00,—,—,—,—
9091,EPS GR 3Y avg,—,-30.11,-47.27,—,69.99,—,—,-30.30,—,—,—
9091,EPS GR 5Y avg,—,-21.15,10.49,—,—,26.78,3.20,—,—,—,—
9091,EPS GR 10Y avg,—,-9.49,—,—,-10.49,—,—,—,—,—,—
9091,OCF GR,—,—,-58.97,445.42,-96.29,18.77,57.98,-92.80,—,—,—
9091,FCF GR,—,—,—,—,—,252.49,42.02,-97.72,—,—,—
9091,D/E,0.08,0.05,0.05,0.05,0.06,0.09,0.10,0.15,0.04,0.01,—
9091,Price,0.2950,0.2950,0.1050,0.1750,0.2000,0.3100,0.3050,0.2000,0.2200,0.1900,0.2500
9113,Year End,TTM,2020-03,2019-03,2018-03,2017-03,2016-03,2015-03,2014-03,2013-03,2010-12,2009-12
9113,Revenue,44,24,20,48,45,47,33,66,88,64,77
9113,NP,11,8,-16,-5,-6,-10,-13,-17,-5,-7,-8
9113,EPS,0.03,0.03,-0.07,-0.02,-0.03,-0.06,-0.08,-0.10,-0.03,-0.04,-0.04
9113,DPS,—,—,—,—,—,—,—,—,—,—,—
9113,Div Payout,—,—,—,—,—,—,—,—,—,—,—
9113,Shares,421,290,232,226,211,174,174,174,174,174,174
9113,BVPS,0.36,0.30,0.32,0.37,0.38,0.49,0.53,0.61,—,—,—
9113,OCF,7,—,-7,-1,-5,-4,-5,2,1,25,—
9113,FCF,-8,-2,-7,-1,-9,-5,-5,-7,-8,-13,—
9113,NP Margin,24.63,33.07,-80.14,-10.24,-13.00,-22.17,-40.12,-25.49,-5.76,-10.84,-9.95
9113,ROE,8.86,9.36,-20.66,-5.86,-7.01,-12.14,-13.82,-16.16,-4.58,-5.33,-5.54
9113,Revenue GR,104.89,20.90,-58.40,6.66,-4.46,44.46,-50.51,-24.89,15.15,—,—
9113,Revenue GR 3Y avg,—,-18.75,-24.88,13.76,-11.93,-18.72,-14.63,-3.42,-10.24,—,—
9113,Revenue GR 5Y avg,—,-5.84,-21.24,-11.36,-5.44,-7.44,-20.69,-18.86,-5.64,—,—
9113,Revenue GR 10Y avg,—,-14.40,-19.92,-8.23,—,—,—,—,—,—,—
9113,NP GR,—,—,—,—,—,—,—,—,—,—,—
9113,NP GR 3Y avg,—,—,—,—,—,—,—,—,—,—,—
9113,NP GR 5Y avg,—,—,—,—,—,—,—,—,—,—,—
9113,NP GR 10Y avg,0.0,0.0,0.0,0.0,0.0,0.0,0.0,0.0,0.0,0.0,0.0
9113,EPS GR,3.49,—,—,—,—,—,—,—,—,—,—
9113,EPS GR 3Y avg,—,—,—,—,—,—,—,—,—,—,—
9113,EPS GR 5Y avg,—,—,—,—,—,—,—,—,—,—,—
9113,EPS GR 10Y avg,—,—,—,—,—,—,—,—,—,—,—
9113,OCF GR,—,—,—,—,—,—,—,90.66,-73.52,—,—
9113,FCF GR,—,—,—,—,—,—,—,—,—,—,—
9113,D/E,0.02,0.03,0.05,0.04,0.05,0.05,0.05,0.05,0.04,0.04,—
9113,Price,0.4350,0.4350,0.1850,0.3150,0.1700,0.2550,0.1200,0.1500,0.2150,0.2450,0.2700
9121,Year End,TTM,2020-12,2019-12,2018-12,2017-12,2016-12,2015-12,2014-12,2013-12,2012-12,2011-12
9121,Revenue,698,736,954,776,617,557,526,464,493,458,379
9121,NP,-8,-10,6,10,12,8,30,-1,12,10,14
9121,EPS,-0.05,-0.07,0.04,0.07,0.08,0.05,0.20,-0.01,0.08,0.07,0.09
9121,DPS,—,—,—,—,—,—,—,—,—,—,—
9121,Div Payout,—,—,—,—,—,—,—,—,—,—,—
9121,Shares,148,148,148,148,148,148,148,148,148,148,148
9121,BVPS,1.78,1.84,1.82,1.79,1.69,1.64,1.51,1.42,1.36,1.28,1.11
9121,OCF,17,-5,32,20,—,2,-14,18,6,5,9
9121,FCF,17,-5,32,6,-8,1,-17,13,5,-8,6
9121,NP Margin,-1.10,-1.32,0.68,1.32,2.02,1.45,5.68,-0.19,2.36,2.19,3.78
9121,ROE,-2.88,-3.66,2.42,3.94,4.99,3.38,13.65,-0.44,5.94,5.46,8.38
9121,Revenue GR,-16.43,-22.89,23.04,25.74,10.67,6.07,13.18,-5.74,7.61,20.66,1.17
9121,Revenue GR 3Y avg,—,6.06,19.63,13.86,9.93,4.21,4.71,6.97,9.52,13.69,9.41
9121,Revenue GR 5Y avg,—,6.97,15.50,9.51,6.15,8.00,6.98,8.31,11.20,6.83,9.30
9121,Revenue GR 10Y avg,—,6.97,11.85,10.35,6.49,8.65,—,—,—,—,—
9121,NP GR,—,—,-7.08,-29.98,—,-11.44,43.88,—,-6.17,10.42,40.45
9121,NP GR 3Y avg,—,—,—,-2.49,4.41,-10.84,16.22,—,17.57,18.41,28.35
9121,NP GR 5Y avg,—,—,-1.38,7.07,11.19,6.97,—,—,—,—,—
9121,NP GR 10Y avg,0.0,0.0,0.0,0.0,0.0,0.0,0.0,0.0,0.0,0.0,0.0
9121,EPS GR,489.29,—,-36.74,-17.58,53.93,-72.93,—,—,13.73,-28.73,1.89
9121,EPS GR 3Y avg,—,—,-7.07,-29.97,—,-11.42,42.94,—,-6.18,9.64,38.56
9121,EPS GR 5Y avg,—,—,—,-2.48,4.00,-10.84,16.22,—,16.61,17.96,26.99
9121,EPS GR 10Y avg,—,—,-1.77,6.64,10.76,6.41,—,—,—,—,—
9121,OCF GR,—,—,65.81,—,—,—,—,205.19,12.30,-43.46,—
9121,FCF GR,—,—,445.26,—,—,—,—,147.66,—,—,—
9121,D/E,0.11,0.13,0.14,0.13,0.03,0.03,0.03,0.04,0.05,0.04,0.01
9121,Price,0.5800,0.5050,0.4950,0.4800,0.5100,0.5100,0.5250,0.3950,0.4500,0.3700,0.3100
9148,Year End,TTM,2020-12,2019-12,2018-12,2017-12,2016-12,2015-12,2014-12,2013-12,2012-12,2011-12
9148,Revenue,24,24,23,25,25,27,26,25,25,23,23
9148,NP,1,1,—,1,1,3,3,2,3,3,2
9148,EPS,0.04,0.03,-0.01,0.05,0.06,0.15,0.14,0.11,0.15,0.14,0.12
9148,DPS,—,—,0.02,0.08,0.12,0.12,0.12,0.10,0.14,0.14,0.18
9148,Div Payout,—,—,—,150.3,137.3,87.7,67.4,89.3,105.3,102.0,209.0
9148,Shares,19,19,19,19,19,19,19,19,19,19,19
9148,BVPS,1.57,1.55,1.53,1.60,1.63,1.66,1.65,1.59,1.61,1.56,1.43
9148,OCF,—,1,1,3,4,3,3,2,3,5,4
9148,FCF,—,—,1,3,-2,2,2,2,1,5,4
9148,NP Margin,3.11,2.63,-0.63,4.11,4.72,10.61,10.72,8.20,11.36,11.28,10.39
9148,ROE,2.48,2.09,-0.49,3.49,3.83,9.29,9.16,6.65,9.35,8.90,8.14
9148,Revenue GR,2.05,3.67,-10.80,2.05,-8.28,4.34,5.74,-1.10,6.25,1.64,-8.08
9148,Revenue GR 3Y avg,—,-1.91,-5.84,-0.78,0.40,2.95,3.58,2.22,-0.24,-1.16,-4.15
9148,Revenue GR 5Y avg,—,-2.02,-1.63,0.43,1.24,3.34,0.75,0.29,-1.00,-1.49,-1.29
9148,Revenue GR 10Y avg,—,-0.64,-0.67,-0.29,-0.14,1.00,—,—,—,—,—
9148,NP GR,—,-19.33,—,-27.91,-16.48,0.63,1.82,-5.54,5.33,79.16,27.63
9148,NP GR 3Y avg,—,-26.05,—,-18.04,-14.96,3.76,2.90,34.44,19.67,-3.55,0.42
9148,NP GR 5Y avg,—,-12.77,—,-0.97,-9.43,2.08,—,—,—,—,—
9148,NP GR 10Y avg,0.0,0.0,0.0,0.0,0.0,0.0,0.0,0.0,0.0,0.0,0.0
9148,EPS GR,229.63,—,—,-11.06,-59.19,3.22,38.39,-28.52,7.58,10.91,84.63
9148,EPS GR 3Y avg,—,-19.32,—,-27.91,-16.46,0.70,2.09,-5.17,30.12,80.32,29.77
9148,EPS GR 5Y avg,—,-26.04,—,-18.01,-14.83,4.03,16.86,35.15,21.13,-2.33,1.58
9148,EPS GR 10Y avg,—,-7.04,—,-0.34,-8.79,2.79,—,—,—,—,—
9148,OCF GR,—,24.56,-71.63,-7.73,21.02,2.44,44.76,-32.34,-41.72,16.28,-10.22
9148,FCF GR,—,—,-74.81,—,—,23.38,26.24,12.67,-69.46,24.10,-17.80
9148,D/E,—,—,—,—,—,—,—,—,—,—,—
9148,Price,2.4700,2.2500,2.2800,1.9400,2.0200,2.2400,2.2800,2.1400,1.9400,1.4100,1.3000
