code,detail,TTM,Y1,Y2,Y3,Y4,Y5,Y6,Y7,Y8,Y9,Y10
5210,Year End,TTM,2020-12,2019-12,2018-12,2017-12,2016-12,2015-12,2014-12,2013-12,2012-12,2011-12
5210,Revenue,"2,350","2,340","2,071","2,419","2,402","1,317","2,180","2,397","2,073","1,659","1,544"
5210,NP,512,126,59,"-2,303",352,"-1,968",-235,219,431,386,360
5210,EPS,0.09,0.02,0.01,-0.39,0.06,-0.34,-0.04,0.04,0.09,0.07,0.08
5210,DPS,—,—,—,—,—,0.01,0.02,0.02,—,0.01,—
5210,Div Payout,—,—,—,—,—,—,—,27.2,0.9,19.0,—
5210,Shares,"5,885","5,883","5,875","5,869","5,866","5,866","5,866","5,059","4,723","5,383","4,517"
5210,BVPS,0.58,0.52,0.59,0.81,0.96,1.07,1.27,0.78,0.79,0.70,0.16
5210,OCF,"1,196",904,734,"1,067",565,301,535,680,474,567,330
5210,FCF,"1,182",854,630,533,"-1,251","-3,338","-3,033","-1,448",-803,-326,-731
5210,NP Margin,21.80,5.37,2.83,-95.21,14.66,-149.36,-10.76,9.12,20.80,23.25,23.30
5210,ROE,15.95,3.94,1.78,-51.98,6.36,-30.64,-3.36,3.96,10.64,10.60,16.34
5210,Revenue GR,1.82,13.00,-14.39,0.69,82.34,-39.56,-9.08,15.65,24.94,7.47,24.37
5210,Revenue GR 3Y avg,—,-0.87,16.27,3.53,0.07,-14.03,9.52,15.80,18.64,31.35,43.74
5210,Revenue GR 5Y avg,—,1.43,-2.89,3.13,7.68,-3.12,11.92,26.77,31.87,—,—
5210,Revenue GR 10Y avg,—,6.54,10.96,16.62,—,—,—,—,—,—,—
5210,NP GR,—,-29.09,—,—,17.22,—,—,-15.28,7.12,11.62,33.84
5210,NP GR 3Y avg,—,—,-23.15,—,-1.80,—,—,-4.65,23.51,—,—
5210,NP GR 5Y avg,—,-9.76,-14.40,—,—,—,—,—,—,—,—
5210,NP GR 10Y avg,0.0,0.0,0.0,0.0,0.0,0.0,0.0,0.0,0.0,0.0,0.0
5210,EPS GR,-172.70,113.00,—,—,—,—,—,-46.03,11.69,-10.00,-8.66
5210,EPS GR 3Y avg,—,-29.19,—,—,11.57,—,—,-18.44,-2.80,1.19,25.29
5210,EPS GR 5Y avg,—,—,-25.37,—,-3.49,—,—,-8.98,14.61,—,—
5210,EPS GR 10Y avg,—,-13.14,-17.58,—,—,—,—,—,—,—,—
5210,OCF GR,—,23.14,-31.20,88.96,87.83,-43.83,-21.27,43.34,-16.34,71.72,29.32
5210,FCF GR,—,35.68,18.12,—,—,—,—,—,—,—,—
5210,D/E,2.01,2.15,2.17,0.99,1.10,1.88,0.86,0.77,0.59,0.55,0.73
5210,Price,0.4200,0.3500,0.5300,0.1550,0.7650,0.6050,1.0200,1.0900,4.0300,3.9800,4.1000
5213,Year End,TTM,2018-09,2017-09,2016-09,2015-09,2014-09,2013-09,2012-09,2010-09,2009-09,2008-09
5213,Revenue,304,293,280,224,220,218,208,179,94,91,85
5213,NP,10,28,38,33,32,29,53,48,12,13,14
5213,EPS,0.02,0.03,0.07,0.06,0.06,0.06,0.11,0.10,4.90,5.51,5.87
5213,DPS,—,—,—,0.02,0.02,0.02,0.01,0.01,—,—,—
5213,Div Payout,—,—,—,—,—,—,—,—,—,—,—
5213,Shares,558,560,550,546,529,504,484,484,2,2,2
5213,BVPS,0.58,—,—,—,—,—,—,—,—,—,—
5213,OCF,50,-31,-25,-69,—,20,21,40,10,24,—
5213,FCF,-28,-127,-80,-118,-20,-30,-52,-26,10,24,—
5213,NP Margin,3.43,9.58,13.56,14.78,14.63,13.34,25.59,26.68,12.66,14.61,16.73
5213,ROE,1.94,5.72,8.96,8.51,9.17,10.17,23.72,23.99,19.74,30.51,38.28
5213,Revenue GR,-114.17,4.49,25.06,2.09,0.54,5.27,15.74,38.29,—,—,—
5213,Revenue GR 3Y avg,—,10.09,8.68,2.62,7.00,23.56,30.36,25.19,—,—,—
5213,Revenue GR 5Y avg,—,7.14,9.36,15.64,18.58,19.04,19.58,—,—,—,—
5213,Revenue GR 10Y avg,—,13.19,—,—,—,—,—,—,—,—,—
5213,NP GR,—,-4.41,9.28,-14.55,-12.42,25.19,64.84,53.03,—,—,—
5213,NP GR 3Y avg,—,-11.97,-4.48,18.66,22.07,16.90,30.19,—,—,—,—
5213,NP GR 5Y avg,—,7.05,—,—,—,—,—,—,—,—,—
5213,NP GR 10Y avg,0.0,0.0,0.0,0.0,0.0,0.0,0.0,0.0,0.0,0.0,0.0
5213,EPS GR,—,-27.77,14.22,—,5.03,-47.31,5.32,-85.38,—,—,—
5213,EPS GR 3Y avg,—,-6.21,6.26,-17.90,-16.47,-67.01,-71.81,-73.36,—,—,—
5213,EPS GR 5Y avg,—,-14.51,-7.81,-51.86,-58.44,-59.81,-54.88,—,—,—,—
5213,EPS GR 10Y avg,—,-37.89,—,—,—,—,—,—,—,—,—
5213,OCF GR,—,—,—,—,-98.98,-6.35,-46.28,103.60,—,—,—
5213,FCF GR,—,—,—,—,—,—,—,—,—,—,—
5213,D/E,0.15,0.48,0.50,0.48,0.35,0.41,0.23,0.15,0.27,0.44,0.09
5213,Price,0.1400,0.1400,0.1100,0.2050,0.4000,0.5150,0.8000,0.8100,0.9550,1.5300,0.6250
5218,Year End,TTM,2021-01,2020-01,2019-01,2018-01,2017-01,2016-01,2015-01,2014-01,2013-01,2012-01
5218,Revenue,"5,462","5,348","6,449","4,568","5,895","7,651","10,184","9,943","8,379","6,912","2,556"
5218,NP,-272,-161,"-4,561",208,"-2,503",208,-792,"1,433","1,087",525,282
5218,EPS,-0.02,-0.01,-0.28,0.03,-0.42,0.04,-0.13,0.24,0.19,0.10,0.14
5218,DPS,—,—,—,—,0.01,—,0.01,0.03,—,—,—
5218,Div Payout,—,—,—,—,—,—,32.1,4.9,—,—,—
5218,Shares,"15,972","15,972","15,947","6,056","5,947","5,951","5,972","5,987","5,745","5,004","5,004"
5218,BVPS,0.50,0.52,0.86,0.60,2.05,2.12,2.31,1.87,1.64,1.24,—
5218,OCF,253,165,96,366,911,"3,135","2,611","1,845","2,003",541,274
5218,FCF,99,—,-255,-208,-404,"2,755","1,919",-645,-572,-666,-95
5218,NP Margin,-4.98,-3.01,-70.72,4.54,-42.47,2.72,-7.77,14.41,12.97,7.59,11.02
5218,ROE,-3.28,-1.99,-41.32,1.78,-22.23,1.65,-6.54,12.92,13.15,13.75,23.59
5218,Revenue GR,8.40,-17.08,41.17,-22.50,-22.95,-24.87,2.42,18.67,21.21,170.40,—
5218,Revenue GR 3Y avg,—,-3.20,-5.54,-23.45,-15.99,-2.98,13.79,57.26,—,—,—
5218,Revenue GR 5Y avg,—,-12.09,-8.29,-11.42,-3.13,24.51,—,—,—,—,—
5218,Revenue GR 10Y avg,—,—,—,—,—,—,—,—,—,—,—
5218,NP GR,—,—,—,—,—,-42.34,—,71.97,—,—,—
5218,NP GR 3Y avg,—,—,—,-28.19,—,-5.86,—,—,—,—,—
5218,NP GR 5Y avg,—,—,—,—,—,—,—,—,—,—,—
5218,NP GR 10Y avg,0.0,0.0,0.0,0.0,0.0,0.0,0.0,0.0,0.0,0.0,0.0
5218,EPS GR,-777.78,—,—,—,—,—,—,26.48,80.53,-26.06,—
5218,EPS GR 3Y avg,—,—,—,—,—,-43.02,—,19.08,—,—,—
5218,EPS GR 5Y avg,—,—,—,-28.93,—,-24.40,—,—,—,—,—
5218,EPS GR 10Y avg,—,—,—,—,—,—,—,—,—,—,—
5218,OCF GR,—,71.35,-73.74,-59.81,-70.94,20.08,41.55,-7.89,269.92,97.36,—
5218,FCF GR,—,—,—,—,—,43.57,—,—,—,—,—
5218,D/E,1.27,0.89,0.87,0.80,1.55,1.16,1.33,1.32,1.11,0.60,0.45
5218,Price,0.1350,0.1150,0.2450,0.2650,0.7550,1.7200,1.8800,2.6700,4.3900,2.9200,0.0000
5220,Year End,TTM,2020-06,2019-06,2018-06,2017-06,2016-06,2015-06,2014-06,2013-06,2010-12,2009-12
5220,Revenue,142,163,217,195,187,256,299,368,388,167,—
5220,NP,14,2,-19,-20,-10,-16,-41,-37,-21,16,—
5220,EPS,0.05,0.01,-0.07,-0.08,-0.04,-0.06,-0.15,-0.14,-0.08,0.11,—
5220,DPS,—,—,—,—,—,—,—,—,—,—,—
5220,Div Payout,—,—,—,—,—,—,—,—,—,—,—
5220,Shares,—,269,269,269,269,269,269,267,274,141,—
5220,BVPS,0.93,0.88,0.95,0.91,1.12,1.17,1.31,1.43,1.54,—,—
5220,OCF,16,28,16,12,—,28,19,34,27,29,—
5220,FCF,10,21,-11,-4,-2,23,12,26,15,16,—
5220,NP Margin,9.87,1.44,-8.93,-10.45,-5.12,-6.20,-13.79,-10.11,-5.34,9.30,—
5220,ROE,5.77,1.00,-8.07,-7.79,-3.35,-5.23,-12.51,-10.17,-5.24,—,—
5220,Revenue GR,2.07,-24.66,11.37,4.25,-26.89,-14.61,-18.64,-5.14,—,—,—
5220,Revenue GR 3Y avg,—,-4.37,-5.32,-13.34,-20.21,-12.98,—,—,—,—,—
5220,Revenue GR 5Y avg,—,-11.40,-10.02,-12.87,—,—,—,—,—,—,—
5220,Revenue GR 10Y avg,—,—,—,—,—,—,—,—,—,—,—
5220,NP GR,—,—,—,—,—,—,—,—,—,—,—
5220,NP GR 3Y avg,—,—,—,—,—,—,—,—,—,—,—
5220,NP GR 5Y avg,—,—,—,—,—,—,—,—,—,—,—
5220,NP GR 10Y avg,0.0,0.0,0.0,0.0,0.0,0.0,0.0,0.0,0.0,0.0,0.0
5220,EPS GR,—,—,—,—,—,—,—,—,—,—,—
5220,EPS GR 3Y avg,—,—,—,—,—,—,—,—,—,—,—
5220,EPS GR 5Y avg,—,—,—,—,—,—,—,—,—,—,—
5220,EPS GR 10Y avg,—,—,—,—,—,—,—,—,—,—,—
5220,OCF GR,—,71.50,28.91,—,-98.34,49.30,-45.56,27.12,—,—,—
5220,FCF GR,—,—,—,—,—,100.82,-56.42,76.35,—,—,—
5220,D/E,0.02,0.02,0.03,0.04,0.05,0.06,0.05,0.07,0.09,—,—
5220,Price,0.4200,0.3900,0.4200,0.0500,0.0550,0.0450,0.0600,0.0600,0.0650,0.0900,0.0000
5223,Year End,TTM,2020-12,2019-12,2018-12,2017-12,2016-12,2015-12,2014-12,2013-12,2012-12,2011-12
5223,Revenue,15,15,15,16,13,13,11,10,17,20,18
5223,NP,1,1,3,4,2,4,2,1,26,9,4
5223,EPS,0.02,0.01,0.04,0.05,0.01,0.05,0.03,0.01,0.37,0.13,0.07
5223,DPS,—,—,—,—,0.01,0.01,—,0.04,0.04,0.02,—
5223,Div Payout,—,—,—,—,—,46.0,—,13.3,37.1,15.3,—
5223,Shares,72,72,72,72,72,70,70,70,70,70,61
5223,BVPS,2.59,2.63,2.51,1.94,1.84,1.86,1.38,1.35,1.08,1.04,0.70
5223,OCF,2,5,4,11,7,7,3,6,1,6,—
5223,FCF,-3,-2,-6,—,3,2,-5,-1,-2,—,-5
5223,NP Margin,8.60,5.62,21.07,23.03,11.64,28.24,22.19,6.29,152.79,44.91,24.26
5223,ROE,0.70,0.45,1.98,2.74,1.16,2.74,2.09,0.67,30.58,13.34,7.99
5223,Revenue GR,18.98,-1.86,-5.65,22.00,4.17,20.60,2.83,-39.63,-16.61,10.51,72.48
5223,Revenue GR 3Y avg,—,4.15,6.24,15.30,8.91,-9.20,-19.71,-17.75,16.71,11.50,-8.31
5223,Revenue GR 5Y avg,—,7.26,8.26,-0.99,-8.24,-7.15,-0.27,-6.94,-6.61,-1.85,9.44
5223,Revenue GR 10Y avg,—,3.43,0.37,-3.84,-5.10,0.80,—,—,—,—,—
5223,NP GR,—,-18.31,-3.65,16.73,33.74,-48.28,-36.52,-47.56,—,11.94,-22.03
5223,NP GR 3Y avg,—,-18.52,37.88,-32.19,-29.96,-4.29,—,-37.05,22.44,0.56,-28.24
5223,NP GR 5Y avg,—,—,-6.84,-8.88,-16.08,-17.12,—,—,—,—,—
5223,NP GR 10Y avg,0.0,0.0,0.0,0.0,0.0,0.0,0.0,0.0,0.0,0.0,0.0
5223,EPS GR,-21.99,-73.82,-13.73,135.00,-57.03,53.75,261.96,-97.51,183.59,76.93,—
5223,EPS GR 3Y avg,—,-19.03,-4.50,15.79,33.72,-48.27,-36.56,-50.02,—,12.91,-16.66
5223,EPS GR 5Y avg,—,-18.91,37.12,-32.53,-29.95,-7.03,—,-36.71,23.77,-0.53,-30.66
5223,EPS GR 10Y avg,—,—,-6.84,-8.62,-16.52,-19.71,—,—,—,—,—
5223,OCF GR,—,12.64,-61.01,49.85,1.22,151.77,-51.70,406.67,-81.33,—,-72.15
5223,FCF GR,—,—,—,-84.39,77.41,—,—,—,—,—,—
5223,D/E,0.13,0.13,0.12,0.12,0.14,0.15,0.16,0.19,0.13,0.21,0.19
5223,Price,0.6850,0.6000,0.5000,0.4600,0.6600,0.5000,0.6100,0.7400,0.8500,0.7000,0.7200
5229,Year End,TTM,2015-12,2014-12,2013-12,2012-12,2011-12,2010-12,2009-12,2008-12,2007-12,2006-12
5229,Revenue,399,593,728,787,702,—,—,—,—,—,—
5229,NP,12,66,137,141,131,—,—,—,—,—,—
5229,EPS,0.01,0.06,0.12,0.24,0.26,—,—,—,—,—,—
5229,DPS,—,—,0.03,—,—,—,—,—,—,—,—
5229,Div Payout,—,—,—,—,—,—,—,—,—,—,—
5229,Shares,"1,253","1,152","1,140",593,510,—,—,—,—,—,—
5229,BVPS,0.48,—,—,—,—,—,—,—,—,—,—
5229,OCF,-85,6,64,128,166,—,—,—,—,—,—
5229,FCF,-85,5,62,73,164,—,—,—,—,—,—
5229,NP Margin,3.00,11.06,18.84,17.96,18.71,—,—,—,—,—,—
5229,ROE,1.43,8.20,19.52,27.28,33.41,—,—,—,—,—,—
5229,Revenue GR,—,-18.62,-7.50,12.19,—,—,—,—,—,—,—
5229,Revenue GR 3Y avg,—,-5.47,—,—,—,—,—,—,—,—,—
5229,Revenue GR 5Y avg,—,—,—,—,—,—,—,—,—,—,—
5229,Revenue GR 10Y avg,—,—,—,—,—,—,—,—,—,—,—
5229,NP GR,—,-20.68,—,—,—,—,—,—,—,—,—
5229,NP GR 3Y avg,—,—,—,—,—,—,—,—,—,—,—
5229,NP GR 5Y avg,—,—,—,—,—,—,—,—,—,—,—
5229,NP GR 10Y avg,0.0,0.0,0.0,0.0,0.0,0.0,0.0,0.0,0.0,0.0,0.0
5229,EPS GR,-80.00,-73.91,-4.17,-7.69,—,—,—,—,—,—,—
5229,EPS GR 3Y avg,—,-38.66,—,—,—,—,—,—,—,—,—
5229,EPS GR 5Y avg,—,—,—,—,—,—,—,—,—,—,—
5229,EPS GR 10Y avg,—,—,—,—,—,—,—,—,—,—,—
5229,OCF GR,—,-91.34,-49.84,-22.87,—,—,—,—,—,—,—
5229,FCF GR,—,-91.65,-14.88,-55.73,—,—,—,—,—,—,—
5229,D/E,—,—,—,—,—,—,—,—,—,—,—
5229,Price,0.0000,0.0100,0.0100,0.0100,0.0100,0.0250,0.0300,0.0800,0.2700,0.3750,0.0000
5230,Year End,TTM,2020-12,2019-12,2018-12,2017-12,2016-12,2015-12,2014-12,2013-12,2012-12,2011-12
5230,Revenue,236,267,337,375,392,397,365,327,293,184,249
5230,NP,—,18,51,50,46,80,69,72,68,41,49
5230,EPS,—,0.02,0.07,0.07,0.06,0.11,0.09,0.10,0.09,0.16,0.68
5230,DPS,—,—,0.03,0.03,0.05,0.05,0.04,0.04,—,—,—
5230,Div Payout,—,—,44.1,47.9,72.1,43.3,44.6,41.0,—,—,—
5230,Shares,752,752,752,752,752,752,752,753,732,255,752
5230,BVPS,0.75,0.76,0.73,0.69,0.66,0.64,0.57,0.51,0.45,—,—
5230,OCF,-24,24,30,-7,39,125,84,-50,50,31,53
5230,FCF,-27,19,27,-11,36,121,81,-58,47,30,53
5230,NP Margin,0.19,6.89,15.02,13.20,11.82,20.15,18.92,22.11,23.19,22.60,19.75
5230,ROE,0.08,3.24,9.33,9.61,9.26,16.88,16.08,18.86,29.05,64.90,294.61
5230,Revenue GR,-42.37,-20.90,-10.07,-4.22,-1.36,8.88,11.48,11.57,59.74,-26.20,25.75
5230,Revenue GR 3Y avg,—,-12.01,-5.28,0.95,6.19,10.63,25.71,9.56,14.02,1.56,—
5230,Revenue GR 5Y avg,—,-6.06,0.62,5.05,16.37,9.81,13.02,13.30,—,—,—
5230,Revenue GR 10Y avg,—,3.04,6.77,—,—,—,—,—,—,—,—
5230,NP GR,—,-26.49,-14.11,-10.47,-13.82,5.56,18.47,13.77,31.94,30.66,—
5230,NP GR 3Y avg,—,-23.23,-6.87,-6.15,2.22,10.24,18.43,31.21,—,—,—
5230,NP GR 5Y avg,—,-4.65,10.54,—,—,—,—,—,—,—,—
5230,NP GR 10Y avg,0.0,0.0,0.0,0.0,0.0,0.0,0.0,0.0,0.0,0.0,0.0
5230,EPS GR,-724.24,-63.65,2.28,6.98,-42.11,16.03,-4.48,3.34,-42.94,149.19,65.88
5230,EPS GR 3Y avg,—,-26.46,-14.12,-10.43,-13.75,4.63,-17.41,13.69,33.12,87.40,—
5230,EPS GR 5Y avg,—,-23.20,-6.83,-6.64,-17.66,10.25,18.42,31.15,—,—,—
5230,EPS GR 10Y avg,—,-4.64,10.54,—,—,—,—,—,—,—,—
5230,OCF GR,—,-20.76,—,—,-68.76,49.92,—,—,63.18,-42.65,535.12
5230,FCF GR,—,-27.25,—,—,-70.47,49.34,—,—,57.62,-43.24,544.80
5230,D/E,0.01,0.01,—,—,—,—,—,—,—,1.23,—
5230,Price,0.4400,0.4350,0.5650,0.5600,1.0500,1.4200,1.2900,1.7000,1.9500,0.0000,0.0000
5231,Year End,TTM,2020-12,2019-12,2018-12,2017-12,2016-12,2015-12,2014-12,2013-12,2012-12,2011-12
5231,Revenue,970,974,"1,061","1,124","1,235","1,321","1,332","1,382","1,442","1,601","3,710"
5231,NP,6,11,8,7,25,5,-49,-36,-6,-59,39
5231,EPS,0.01,0.02,0.01,0.01,0.05,0.01,-0.09,-0.07,-0.01,-0.11,-0.17
5231,DPS,—,—,—,—,—,—,—,—,—,0.01,0.02
5231,Div Payout,—,—,—,—,—,—,—,—,—,—,7.4
5231,Shares,603,603,567,548,548,548,548,528,509,506,507
5231,BVPS,0.73,0.76,0.77,0.85,0.83,0.89,0.76,1.07,1.07,1.22,1.61
5231,OCF,—,—,—,—,—,—,—,—,—,—,—
5231,FCF,20,11,-10,-21,-16,-11,10,-77,-17,37,-23
5231,NP Margin,0.66,1.11,0.72,0.61,2.05,0.40,-3.68,-2.64,-0.39,-3.69,1.06
5231,ROE,1.47,2.38,1.73,1.54,5.85,1.21,-10.34,-7.06,-0.96,-5.50,3.32
5231,Revenue GR,-2.35,-8.13,-5.63,-8.98,-6.54,-0.77,-3.66,-4.16,-9.93,-56.84,107.64
5231,Revenue GR 3Y avg,—,-7.59,-7.06,-5.49,-3.69,-2.87,-5.96,-28.05,-6.90,10.02,42.27
5231,Revenue GR 5Y avg,—,-6.05,-5.16,-4.86,-5.06,-18.66,-5.71,2.82,2.28,6.03,41.26
5231,Revenue GR 10Y avg,—,-5.88,-1.25,-1.36,0.33,7.20,—,—,—,—,—
5231,NP GR,—,-24.80,12.65,—,—,—,—,—,—,—,2.41
5231,NP GR 3Y avg,—,—,—,—,—,-32.98,—,—,—,—,-12.16
5231,NP GR 5Y avg,—,-22.55,-14.48,-15.49,-12.19,-23.27,—,—,—,—,—
5231,NP GR 10Y avg,0.0,0.0,0.0,0.0,0.0,0.0,0.0,0.0,0.0,0.0,0.0
5231,EPS GR,52.90,33.58,8.06,-73.16,381.25,—,—,—,—,—,-72.42
5231,EPS GR 3Y avg,—,-27.10,11.76,—,—,—,—,—,—,—,-15.35
5231,EPS GR 5Y avg,—,—,—,—,—,-33.37,—,—,—,—,-20.91
5231,EPS GR 10Y avg,—,-23.63,-18.62,-20.34,-16.59,-27.41,—,—,—,—,—
5231,OCF GR,—,—,—,—,—,-76.74,—,—,-83.72,116.77,2.91
5231,FCF GR,—,—,—,—,—,—,—,—,—,—,—
5231,D/E,0.32,0.33,0.24,0.22,0.11,0.11,0.08,0.18,0.19,0.19,0.20
5231,Price,0.3050,0.3150,0.3400,0.3450,0.8600,0.9000,1.0400,0.9850,0.6200,0.7100,0.7600
5237,Year End,TTM,2020-12,2019-12,2018-12,2017-12,2016-12,2015-12,2014-12,2013-12,2012-12,2011-12
5237,Revenue,553,538,552,543,539,509,430,420,281,364,328
5237,NP,23,14,31,12,82,55,65,245,48,71,50
5237,EPS,0.03,0.01,0.04,0.02,0.12,0.07,0.10,0.34,0.08,0.10,0.07
5237,DPS,—,—,—,—,—,—,—,—,—,—,—
5237,Div Payout,—,—,—,—,—,—,—,—,—,—,—
5237,Shares,715,715,715,715,715,715,715,715,543,715,715
5237,BVPS,2.58,1.96,1.94,1.90,2.35,2.25,2.17,1.83,1.49,—,—
5237,OCF,321,175,67,20,-42,47,31,-64,218,143,20
5237,FCF,312,165,58,9,-48,43,26,-68,215,138,17
5237,NP Margin,4.10,2.57,5.65,2.26,15.20,10.83,15.03,58.49,17.15,19.40,15.15
5237,ROE,1.41,0.85,2.27,0.91,5.47,3.42,4.45,20.47,4.57,7.74,8.33
5237,Revenue GR,12.42,-2.48,1.64,0.73,5.81,18.52,2.40,49.15,-22.72,10.96,11.33
5237,Revenue GR 3Y avg,—,-0.05,2.70,8.10,8.70,21.87,5.68,8.55,-1.54,—,—
5237,Revenue GR 5Y avg,—,4.60,5.63,14.05,8.16,9.19,7.83,—,—,—,—
5237,Revenue GR 10Y avg,—,6.20,—,—,—,—,—,—,—,—,—
5237,NP GR,—,-44.74,-17.32,-42.52,-30.63,4.57,-2.95,70.28,-4.72,—,—
5237,NP GR 3Y avg,—,-26.53,-33.81,-23.97,3.01,2.11,2.97,—,—,—,—
5237,NP GR 5Y avg,—,-13.02,—,—,—,—,—,—,—,—,—
5237,NP GR 10Y avg,0.0,0.0,0.0,0.0,0.0,0.0,0.0,0.0,0.0,0.0,0.0
5237,EPS GR,-30.95,-56.82,158.82,-85.22,49.35,-14.44,-73.76,285.39,-10.10,41.43,-10.26
5237,EPS GR 3Y avg,—,-45.13,-17.02,-42.62,-30.53,-4.71,-3.13,69.85,4.50,—,—
5237,EPS GR 5Y avg,—,-26.73,-33.68,-28.19,3.04,1.92,2.90,—,—,—,—
5237,EPS GR 10Y avg,—,-13.17,—,—,—,—,—,—,—,—,—
5237,OCF GR,—,159.63,240.72,—,—,51.40,—,—,52.05,602.24,139.69
5237,FCF GR,—,186.03,559.81,—,—,64.72,—,—,55.63,698.62,312.54
5237,D/E,—,—,—,—,0.01,—,—,0.02,0.05,0.08,0.08
5237,Price,1.3500,1.0900,1.0500,1.1000,1.2200,1.2500,1.5900,2.0400,1.6800,0.0000,0.0
5238,Year End,TTM,2019-12,2018-12,2017-12,2016-12,2015-12,2014-12,2013-12,2012-12,2011-12,2010-12
5238,Revenue,"2,112","4,233","4,571","4,562","4,007","3,063","2,937","2,308","1,967",—,—
5238,NP,"-1,420",-650,-301,99,210,-350,-519,-88,34,—,—
5238,EPS,-0.34,-0.16,-0.07,0.02,0.01,-0.10,-0.18,-0.05,0.10,—,—
5238,DPS,—,—,—,—,—,—,—,—,—,—,—
5238,Div Payout,—,—,—,—,—,—,—,—,—,—,—
5238,Shares,"4,148","4,148","4,148","4,148","4,148","3,359","2,947","1,628",332,—,—
5238,BVPS,-1.66,—,—,—,—,—,—,—,—,—,—
5238,OCF,186,462,98,291,341,-13,-53,189,-37,—,—
5238,FCF,155,415,89,265,310,-51,-616,"-1,099",-124,—,—
5238,NP Margin,-67.24,-15.36,-6.60,2.17,5.25,-11.42,-17.69,-3.82,1.72,—,—
5238,ROE,—,-182.78,-38.60,9.67,24.91,-52.36,-53.56,-9.72,5.83,—,—
5238,Revenue GR,-96.29,-7.39,0.21,13.86,30.82,4.28,27.22,17.33,—,—,—
5238,Revenue GR 3Y avg,—,1.85,14.28,15.81,20.18,15.89,—,—,—,—,—
5238,Revenue GR 5Y avg,—,7.59,14.64,18.32,—,—,—,—,—,—,—
5238,Revenue GR 10Y avg,—,—,—,—,—,—,—,—,—,—,—
5238,NP GR,—,—,—,—,—,—,—,—,—,—,—
5238,NP GR 3Y avg,—,—,—,23.91,—,—,—,—,—,—,—
5238,NP GR 5Y avg,—,—,—,—,—,—,—,—,—,—,—
5238,NP GR 10Y avg,0.0,0.0,0.0,0.0,0.0,0.0,0.0,0.0,0.0,0.0,0.0
5238,EPS GR,—,—,—,-52.94,—,—,—,—,—,—,—
5238,EPS GR 3Y avg,—,—,—,—,—,—,—,—,—,—,—
5238,EPS GR 5Y avg,—,—,—,-25.15,—,—,—,—,—,—,—
5238,EPS GR 10Y avg,—,—,—,—,—,—,—,—,—,—,—
5238,OCF GR,—,371.71,-66.41,-14.48,—,—,—,—,—,—,—
5238,FCF GR,—,368.21,-66.50,-14.68,—,—,—,—,—,—,—
5238,D/E,—,39.19,0.86,0.68,0.90,1.76,1.52,1.25,1.50,—,—
5238,Price,0.0900,0.1550,0.2350,0.3300,0.3600,0.1800,0.6450,0.9950,0.0000,0.0,0.0
5239,Year End,TTM,2020-06,2019-06,2018-06,2017-06,2016-06,2015-06,2014-06,2013-06,2012-06,2011-06
5239,Revenue,161,165,313,381,—,400,341,284,186,—,—
5239,NP,-6,-2,36,73,76,68,81,71,56,—,—
5239,EPS,-0.01,—,0.02,0.07,0.10,0.09,0.11,0.10,0.11,—,—
5239,DPS,—,—,—,—,—,0.02,0.02,—,—,—,—
5239,Div Payout,—,15.8,7.5,3.4,2.7,22.8,18.0,—,—,—,—
5239,Shares,"1,329","1,341","1,401","1,006",777,741,746,680,517,—,—
5239,BVPS,0.85,0.85,0.94,0.85,0.80,0.72,0.64,—,—,—,—
5239,OCF,-8,51,117,-336,34,-66,160,-28,-11,—,—
5239,FCF,-8,50,117,-337,34,-74,160,-48,-12,—,—
5239,NP Margin,-3.89,-1.28,11.62,19.03,—,17.08,23.76,25.12,29.84,—,—
5239,ROE,-0.58,-0.19,3.22,7.87,12.59,13.59,18.67,24.04,27.63,—,—
5239,Revenue GR,-17.74,-47.13,-18.02,—,—,17.45,20.01,52.44,—,—,—
5239,Revenue GR 3Y avg,—,—,-7.89,3.83,—,29.04,—,—,—,—,—
5239,Revenue GR 5Y avg,—,-13.46,1.95,15.42,—,—,—,—,—,—,—
5239,Revenue GR 10Y avg,—,—,—,—,—,—,—,—,—,—,—
5239,NP GR,—,—,-19.00,-3.57,2.16,7.15,—,—,—,—,—
5239,NP GR 3Y avg,—,—,-12.61,5.49,—,—,—,—,—,—,—
5239,NP GR 5Y avg,—,—,—,—,—,—,—,—,—,—,—
5239,NP GR 10Y avg,0.0,0.0,0.0,0.0,0.0,0.0,0.0,0.0,0.0,0.0,0.0
5239,EPS GR,-33.33,—,-55.46,-41.80,11.11,-18.18,4.76,-2.38,—,—,—
5239,EPS GR 3Y avg,—,—,-33.96,-19.12,-1.61,-5.77,—,—,—,—,—
5239,EPS GR 5Y avg,—,—,-24.40,-11.56,—,—,—,—,—,—,—
5239,EPS GR 10Y avg,—,—,—,—,—,—,—,—,—,—,—
5239,OCF GR,—,-56.83,—,—,—,—,—,—,—,—,—
5239,FCF GR,—,-56.76,—,—,—,—,—,—,—,—,—
5239,D/E,0.29,0.29,0.33,0.34,0.41,0.22,0.22,0.27,0.22,—,—
5239,Price,0.4250,0.2650,0.3000,0.3850,1.6300,1.4400,1.9900,2.4400,0.0000,0.0,0.0
5242,Year End,TTM,2020-04,2019-04,2018-04,2017-04,2016-04,2015-04,2014-04,2013-04,2012-04,2011-04
5242,Revenue,269,241,167,129,125,121,133,118,109,—,—
5242,NP,2,-7,1,3,5,6,10,7,9,—,—
5242,EPS,—,-0.01,—,0.01,0.01,0.01,0.03,0.02,0.04,—,—
5242,DPS,—,—,—,—,0.01,0.02,0.01,—,—,—,—
5242,Div Payout,—,—,80.0,37.0,82.9,78.5,30.3,—,—,—,—
5242,Shares,449,442,454,486,504,441,350,320,267,—,—
5242,BVPS,0.34,0.37,0.36,0.35,0.35,0.35,0.27,—,—,—,—
5242,OCF,20,—,-6,2,-4,7,6,1,15,—,—
5242,FCF,17,-2,-10,-7,-9,4,-2,-4,14,—,—
5242,NP Margin,0.70,-2.93,0.85,2.06,4.08,4.72,7.16,6.31,8.64,—,—
5242,ROE,1.16,-5.01,1.00,1.91,3.75,4.93,10.18,9.56,14.36,—,—
5242,Revenue GR,24.26,44.63,29.14,2.79,3.72,-9.33,12.97,8.54,—,—,—
5242,Revenue GR 3Y avg,—,24.29,11.25,-1.12,2.04,3.59,—,—,—,—,—
5242,Revenue GR 5Y avg,—,12.54,7.12,3.46,—,—,—,—,—,—,—
5242,Revenue GR 10Y avg,—,—,—,—,—,—,—,—,—,—,—
5242,NP GR,—,—,-37.17,-34.68,-11.78,-15.33,—,—,—,—,—
5242,NP GR 3Y avg,—,—,-28.26,-22.31,—,—,—,—,—,—,—
5242,NP GR 5Y avg,—,—,—,—,—,—,—,—,—,—,—
5242,NP GR 10Y avg,0.0,0.0,0.0,0.0,0.0,0.0,0.0,0.0,0.0,0.0,0.0
5242,EPS GR,—,—,-43.64,-45.85,-21.52,-52.52,16.91,-33.58,—,—,—
5242,EPS GR 3Y avg,—,—,-37.90,-41.35,-24.19,-28.29,—,—,—,—,—
5242,EPS GR 5Y avg,—,—,-33.20,-30.97,—,—,—,—,—,—,—
5242,EPS GR 10Y avg,—,—,—,—,—,—,—,—,—,—,—
5242,OCF GR,—,—,—,—,—,21.94,410.71,-92.27,—,—,—
5242,FCF GR,—,—,—,—,—,—,—,—,—,—,—
5242,D/E,0.09,0.16,0.14,0.02,0.02,0.04,0.09,0.03,0.01,—,—
5242,Price,0.1950,0.3050,0.2900,0.3500,1.2300,1.3300,1.4900,0.8500,0.0000,0.0,0.0
5243,Year End,TTM,2020-12,2019-12,2018-12,2017-12,2016-12,2015-12,2014-12,2013-12,2012-12,2011-12
5243,Revenue,415,547,671,574,587,321,840,"1,015",738,724,550
5243,NP,-569,-492,33,-20,"-1,127","-1,177",-369,252,189,72,78
5243,EPS,-0.07,-0.06,—,—,-0.37,-0.53,-0.17,0.11,0.11,0.03,0.04
5243,DPS,—,—,—,—,—,—,—,0.01,—,—,—
5243,Div Payout,—,—,—,—,—,—,19.8,—,—,—,—
5243,Shares,"8,216","8,216","8,218","8,125","3,063","2,215","2,215","2,215","1,693","2,215","2,215"
5243,BVPS,0.28,0.35,0.35,0.34,0.28,1.33,1.74,1.36,0.48,—,—
5243,OCF,244,286,211,158,-51,-64,375,282,107,126,95
5243,FCF,192,227,99,130,-68,-121,"-1,398","-1,488",-462,-14,29
5243,NP Margin,-137.13,-89.91,4.95,-3.40,-192.11,-366.72,-43.97,24.83,25.64,9.95,14.23
5243,ROE,-21.67,-19.39,1.19,-0.75,-47.97,-42.12,-11.31,8.35,12.42,37.84,72.87
5243,Revenue GR,-75.08,-18.46,16.90,-2.19,82.73,-61.77,-17.25,37.57,1.85,31.63,57.76
5243,Revenue GR 3Y avg,—,-2.31,27.84,-11.93,-16.70,-24.22,5.06,22.64,28.36,—,—
5243,Revenue GR 5Y avg,—,-8.22,-7.95,-4.90,-4.13,-10.22,19.21,—,—,—,—
5243,Revenue GR 10Y avg,—,4.60,—,—,—,—,—,—,—,—,—
5243,NP GR,—,—,—,—,—,—,—,47.63,—,—,—
5243,NP GR 3Y avg,—,—,-33.32,—,—,—,—,—,—,—,—
5243,NP GR 5Y avg,—,—,—,—,—,—,—,—,—,—,—
5243,NP GR 10Y avg,0.0,0.0,0.0,0.0,0.0,0.0,0.0,0.0,0.0,0.0,0.0
5243,EPS GR,-470.00,—,—,—,—,—,—,1.83,243.59,-8.00,—
5243,EPS GR 3Y avg,—,—,—,—,—,—,—,47.65,—,—,—
5243,EPS GR 5Y avg,—,—,-48.81,—,—,—,—,—,—,—,—
5243,EPS GR 10Y avg,—,—,—,—,—,—,—,—,—,—,—
5243,OCF GR,—,35.25,34.01,—,—,—,33.25,163.46,-15.36,33.63,—
5243,FCF GR,—,129.40,-23.94,—,—,—,—,—,—,—,—
5243,D/E,0.38,0.39,0.36,0.48,0.57,1.01,0.52,0.32,0.19,2.73,4.07
5243,Price,0.1700,0.1400,0.3800,0.1800,0.3050,0.8750,1.0700,2.3500,4.0100,0.0000,0.0
5252,Year End,TTM,2020-08,2019-08,2018-08,2017-08,2016-08,2015-08,2014-08,2013-08,2012-08,2011-08
5252,Revenue,51,63,88,88,93,93,88,80,78,—,—
5252,NP,-11,-9,3,2,8,17,15,12,13,—,—
5252,EPS,-0.03,-0.02,0.01,—,0.02,0.04,0.04,0.04,0.04,—,—
5252,DPS,—,—,—,—,0.01,0.01,0.01,—,—,—,—
5252,Div Payout,—,—,—,—,38.3,35.9,26.8,—,—,—,—
5252,Shares,419,419,419,419,419,404,381,325,317,—,—
5252,BVPS,0.35,0.36,0.38,0.39,0.37,0.34,0.27,—,—,—,—
5252,OCF,6,-1,11,-7,-11,2,4,1,18,—,—
5252,FCF,5,-2,10,-8,-15,-7,1,-6,17,—,—
5252,NP Margin,-22.09,-14.25,3.72,2.32,8.64,18.01,17.43,15.41,16.36,—,—
5252,ROE,-7.20,-5.95,2.10,1.35,5.49,13.20,15.41,15.57,20.04,—,—
5252,Revenue GR,5.33,-28.40,-0.13,-5.60,0.39,5.38,10.62,1.98,—,—,—
5252,Revenue GR 3Y avg,—,-12.28,-1.82,-0.04,5.38,5.94,—,—,—,—,—
5252,Revenue GR 5Y avg,—,-6.51,1.99,2.41,—,—,—,—,—,—,—
5252,Revenue GR 10Y avg,—,—,—,—,—,—,—,—,—,—,—
5252,NP GR,—,—,-41.96,-48.94,-13.08,9.39,—,—,—,—,—
5252,NP GR 3Y avg,—,—,-23.24,-30.68,—,—,—,—,—,—,—
5252,NP GR 5Y avg,—,—,—,—,—,—,—,—,—,—,—
5252,NP GR 10Y avg,0.0,0.0,0.0,0.0,0.0,0.0,0.0,0.0,0.0,0.0,0.0
5252,EPS GR,82.98,—,59.18,-74.48,-53.47,2.57,6.63,-6.06,—,—,—
5252,EPS GR 3Y avg,—,—,-42.61,-50.43,-20.17,0.90,—,—,—,—,—
5252,EPS GR 5Y avg,—,—,-27.04,-34.35,—,—,—,—,—,—,—
5252,EPS GR 10Y avg,—,—,—,—,—,—,—,—,—,—,—
5252,OCF GR,—,—,—,—,—,-62.47,302.53,-93.90,—,—,—
5252,FCF GR,—,—,—,—,—,—,—,—,—,—,—
5252,D/E,0.03,0.08,0.08,0.10,0.14,0.06,—,—,—,—,—
5252,Price,0.1350,0.1450,0.1700,0.3100,0.8050,1.0300,2.2500,1.3600,0.0000,0.0,0.0
5253,Year End,TTM,2020-06,2019-06,2018-06,2017-06,2016-06,2015-06,2014-06,2013-06,2012-06,2011-06
5253,Revenue,357,403,663,728,582,462,429,419,386,—,—
5253,NP,-6,2,26,87,81,68,47,31,28,—,—
5253,EPS,—,—,0.02,0.07,0.06,0.05,0.03,0.03,0.02,—,—
5253,DPS,—,0.01,—,0.02,0.01,0.01,0.01,—,—,—,—
5253,Div Payout,—,16.0,61.7,27.3,26.5,20.8,13.2,—,—,—,—
5253,Shares,"1,418","1,338","1,338","1,338","1,338","1,338","1,338","1,113","1,113",—,—
5253,BVPS,0.31,0.30,0.28,0.27,0.22,0.18,0.15,—,—,—,—
5253,OCF,-19,-27,30,11,53,48,27,18,27,—,—
5253,FCF,-23,-33,26,-13,22,22,-3,13,12,—,—
5253,NP Margin,-1.81,0.58,3.84,11.96,13.88,14.62,10.87,7.41,7.22,—,—
5253,ROE,-1.52,0.59,6.67,25.86,29.31,30.20,25.42,24.28,31.40,—,—
5253,Revenue GR,30.51,-39.24,-8.93,25.17,25.94,7.71,2.46,8.45,—,—,—
5253,Revenue GR 3Y avg,—,-11.52,12.81,19.30,11.60,6.17,—,—,—,—,—
5253,Revenue GR 5Y avg,—,-1.24,9.64,13.54,—,—,—,—,—,—,—
5253,Revenue GR 10Y avg,—,—,—,—,—,—,—,—,—,—,—
5253,NP GR,—,-69.33,-27.72,23.17,37.57,34.33,—,—,—,—,—
5253,NP GR 3Y avg,—,-45.07,-3.84,25.60,—,—,—,—,—,—,—
5253,NP GR 5Y avg,—,—,—,—,—,—,—,—,—,—,—
5253,NP GR 10Y avg,0.0,0.0,0.0,0.0,0.0,0.0,0.0,0.0,0.0,0.0,0.0
5253,EPS GR,90.00,-91.05,-70.77,8.33,15.38,44.44,28.57,16.67,—,—,—
5253,EPS GR 3Y avg,—,-69.51,-28.51,21.77,28.92,29.40,—,—,—,—,—
5253,EPS GR 5Y avg,—,-45.70,-7.46,22.05,—,—,—,—,—,—,—
5253,EPS GR 10Y avg,—,—,—,—,—,—,—,—,—,—,—
5253,OCF GR,—,—,164.16,-78.51,10.26,79.04,46.98,-32.95,—,—,—
5253,FCF GR,—,—,—,—,0.67,—,—,8.11,—,—,—
5253,D/E,0.01,0.01,0.02,0.04,0.04,0.02,0.04,0.05,0.15,—,—
5253,Price,0.4800,0.6100,0.7200,0.7400,2.5000,1.3200,1.0400,0.7050,0.0000,0.0,0.0
5255,Year End,TTM,2020-12,2019-12,2018-12,2017-12,2016-12,2015-12,2014-12,2013-12,2012-12,2011-12
5255,Revenue,214,212,201,200,205,227,267,319,335,109,—
5255,NP,-4,28,-10,-451,-62,-153,-364,59,114,8,—
5255,EPS,-0.01,0.01,-0.42,-19.16,-2.64,-6.49,-15.46,3.70,11.89,0.84,—
5255,DPS,—,—,—,—,—,—,—,—,—,—,—
5255,Div Payout,—,—,—,—,—,—,—,—,—,—,—
5255,Shares,"2,664","2,375",24,24,24,24,24,16,10,10,—
5255,BVPS,0.13,0.13,1.75,20.34,23.44,30.39,46.59,45.35,—,—,—
5255,OCF,79,50,85,77,67,100,146,166,192,30,—
5255,FCF,-119,27,47,69,52,12,7,-81,-82,-32,—
5255,NP Margin,-1.75,13.09,-4.98,-225.88,-30.35,-67.31,-136.58,18.61,33.92,7.41,—
5255,ROE,-1.10,14.02,-19.21,-161.49,-11.62,-23.82,-40.49,8.13,35.22,3.03,—
5255,Revenue GR,4.28,5.48,0.66,-2.38,-9.82,-14.87,-16.40,-4.77,208.35,—,—
5255,Revenue GR 3Y avg,—,1.20,-3.95,-9.17,-13.75,-12.17,34.89,—,—,—,—
5255,Revenue GR 5Y avg,—,-4.47,-8.81,-9.82,13.51,—,—,—,—,—,—
5255,Revenue GR 10Y avg,—,—,—,—,—,—,—,—,—,—,—
5255,NP GR,—,—,—,—,—,—,—,—,—,—,—
5255,NP GR 3Y avg,—,—,—,—,—,—,—,—,—,—,—
5255,NP GR 5Y avg,—,—,—,—,—,—,—,—,—,—,—
5255,NP GR 10Y avg,0.0,0.0,0.0,0.0,0.0,0.0,0.0,0.0,0.0,0.0,0.0
5255,EPS GR,-131.34,—,—,—,—,—,—,-68.88,—,—,—
5255,EPS GR 3Y avg,—,—,—,—,—,—,—,—,—,—,—
5255,EPS GR 5Y avg,—,—,—,—,—,—,—,—,—,—,—
5255,EPS GR 10Y avg,—,—,—,—,—,—,—,—,—,—,—
5255,OCF GR,—,-41.39,10.10,14.49,-32.34,-31.72,-12.07,-13.70,537.55,—,—
5255,FCF GR,—,-43.01,-32.34,32.89,316.91,85.87,—,—,—,—,—
5255,D/E,0.89,0.90,0.70,0.92,0.69,0.89,0.76,0.50,1.85,3.34,—
5255,Price,0.1150,0.1150,0.0500,0.0700,0.2300,0.3650,0.4300,0.7450,0.0000,0.0,0.0
5256,Year End,TTM,2020-12,2019-12,2018-12,2017-12,2016-12,2015-12,2014-12,2013-12,2012-12,2011-12
5256,Revenue,80,80,171,220,157,15,—,—,—,—,—
5256,NP,-113,-129,-128,-42,-88,126,—,—,—,—,—
5256,EPS,-0.10,-0.12,-0.12,-0.04,-0.08,0.09,—,—,—,—,—
5256,DPS,—,—,—,—,—,—,—,—,—,—,—
5256,Div Payout,—,—,—,—,—,—,—,—,—,—,—
5256,Shares,"1,096","1,096","1,096","1,096","1,096","1,270",—,—,—,—,—
5256,BVPS,0.34,0.39,0.61,0.59,0.66,0.01,—,—,—,—,—
5256,OCF,21,1,52,58,-71,18,—,—,—,—,—
5256,FCF,18,-14,15,23,-82,18,—,—,—,—,—
5256,NP Margin,-141.46,-161.79,-75.17,-18.94,-55.91,837.17,—,—,—,—,—
5256,ROE,-26.45,-30.28,-21.90,-6.16,-12.22,31.24,—,—,—,—,—
5256,Revenue GR,1.66,-53.43,-22.46,40.21,947.85,—,—,—,—,—,—
5256,Revenue GR 3Y avg,—,-20.30,125.01,—,—,—,—,—,—,—,—
5256,Revenue GR 5Y avg,—,—,—,—,—,—,—,—,—,—,—
5256,Revenue GR 10Y avg,—,—,—,—,—,—,—,—,—,—,—
5256,NP GR,—,—,—,—,—,—,—,—,—,—,—
5256,NP GR 3Y avg,—,—,—,—,—,—,—,—,—,—,—
5256,NP GR 5Y avg,—,—,—,—,—,—,—,—,—,—,—
5256,NP GR 10Y avg,0.0,0.0,0.0,0.0,0.0,0.0,0.0,0.0,0.0,0.0,0.0
5256,EPS GR,400.00,—,—,—,—,—,—,—,—,—,—
5256,EPS GR 3Y avg,—,—,—,—,—,—,—,—,—,—,—
5256,EPS GR 5Y avg,—,—,—,—,—,—,—,—,—,—,—
5256,EPS GR 10Y avg,—,—,—,—,—,—,—,—,—,—,—
5256,OCF GR,—,-97.51,-10.81,—,—,—,—,—,—,—,—
5256,FCF GR,—,—,-34.85,—,—,—,—,—,—,—,—
5256,D/E,0.01,0.01,0.01,—,—,—,—,—,—,—,—
5256,Price,0.1000,0.1000,0.1650,0.2950,0.4100,0.6400,0.6350,0.0000,0.0000,0.0,0.0
5259,Year End,TTM,2020-12,2019-12,2018-12,2017-12,2016-12,2015-12,2014-12,2013-12,2012-12,2011-12
5259,Revenue,246,303,272,419,367,592,549,156,121,—,—
5259,NP,-146,-116,36,74,-121,9,38,14,57,—,—
5259,EPS,-0.28,-0.22,0.07,0.15,-0.24,0.02,0.02,0.03,0.11,—,—
5259,DPS,—,—,—,—,—,0.01,0.02,—,—,—,—
5259,Div Payout,—,—,—,—,—,27.0,17.1,—,—,—,—
5259,Shares,531,531,504,504,504,504,504,504,504,—,—
5259,BVPS,0.25,0.39,0.47,0.52,0.29,0.64,0.58,—,—,—,—
5259,OCF,181,200,143,90,223,157,-25,30,26,—,—
5259,FCF,81,93,83,25,60,33,-175,-99,-76,—,—
5259,NP Margin,-59.45,-38.25,13.39,17.72,-33.01,1.48,6.87,9.14,46.98,—,—
5259,ROE,-71.44,-55.14,14.86,39.12,-56.82,3.08,13.33,6.27,30.92,—,—
5259,Revenue GR,-64.80,11.52,-35.11,14.18,-37.98,7.76,252.73,28.52,—,—,—
5259,Revenue GR 3Y avg,—,-6.17,-22.83,-8.62,33.09,69.68,—,—,—,—,—
5259,Revenue GR 5Y avg,—,-11.20,11.80,28.17,—,—,—,—,—,—,—
5259,Revenue GR 10Y avg,—,—,—,—,—,—,—,—,—,—,—
5259,NP GR,—,—,60.65,25.29,—,-46.37,—,—,—,—,—
5259,NP GR 3Y avg,—,—,20.66,5.46,—,—,—,—,—,—,—
5259,NP GR 5Y avg,—,—,—,—,—,—,—,—,—,—,—
5259,NP GR 10Y avg,0.0,0.0,0.0,0.0,0.0,0.0,0.0,0.0,0.0,0.0,0.0
5259,EPS GR,-660.92,—,-50.98,—,—,-76.77,165.21,-74.99,—,—,—
5259,EPS GR 3Y avg,—,—,60.69,25.29,—,-46.39,—,—,—,—,—
5259,EPS GR 5Y avg,—,—,20.65,5.46,—,—,—,—,—,—,—
5259,EPS GR 10Y avg,—,—,—,—,—,—,—,—,—,—,—
5259,OCF GR,—,39.70,58.79,-59.59,42.41,—,—,18.05,—,—,—
5259,FCF GR,—,11.99,235.76,-58.94,81.28,—,—,—,—,—,—
5259,D/E,0.73,0.24,0.78,1.15,1.93,1.10,1.36,1.06,1.19,—,—
5259,Price,0.1950,0.2950,0.3550,0.3900,0.3750,0.6200,1.1100,0.4650,0.0000,0.0,0.0
5260,Year End,TTM,2020-06,2019-06,2018-06,2017-06,2016-06,2015-06,2014-06,2013-06,2012-06,2011-06
5260,Revenue,22,91,121,128,116,98,87,83,—,—,—
5260,NP,-59,-36,-3,7,5,13,14,14,—,—,—
5260,EPS,-0.19,-0.12,-0.01,0.03,0.02,0.05,0.07,0.09,—,—,—
5260,DPS,—,—,—,—,—,0.02,—,—,—,—,—
5260,Div Payout,—,—,—,—,—,32.0,—,—,—,—,—
5260,Shares,324,297,287,271,251,236,204,161,—,—,—
5260,BVPS,0.53,0.83,0.90,0.88,0.80,0.72,—,—,—,—,—
5260,OCF,-12,15,18,27,35,28,16,13,—,—,—
5260,FCF,59,13,10,-41,-28,-47,-39,-7,—,—,—
5260,NP Margin,-265.17,-39.86,-2.10,5.45,4.67,12.83,16.16,17.44,—,—,—
5260,ROE,-25.54,-15.09,-1.01,3.04,2.79,7.80,12.34,17.44,—,—,—
5260,Revenue GR,-88.12,-24.74,-5.56,9.87,18.62,12.75,4.58,—,—,—,—
5260,Revenue GR 3Y avg,—,-7.92,7.16,13.68,11.83,—,—,—,—,—,—
5260,Revenue GR 5Y avg,—,0.87,7.73,—,—,—,—,—,—,—,—
5260,Revenue GR 10Y avg,—,—,—,—,—,—,—,—,—,—,—
5260,NP GR,—,—,—,-20.85,-27.94,—,—,—,—,—,—
5260,NP GR 3Y avg,—,—,—,—,—,—,—,—,—,—,—
5260,NP GR 5Y avg,—,—,—,—,—,—,—,—,—,—,—
5260,NP GR 10Y avg,0.0,0.0,0.0,0.0,0.0,0.0,0.0,0.0,0.0,0.0,0.0
5260,EPS GR,-2.12,—,—,17.39,-58.93,-23.64,-22.12,—,—,—,—
5260,EPS GR 3Y avg,—,—,—,-28.33,-37.49,—,—,—,—,—,—
5260,EPS GR 5Y avg,—,—,—,—,—,—,—,—,—,—,—
5260,EPS GR 10Y avg,—,—,—,—,—,—,—,—,—,—,—
5260,OCF GR,—,-17.09,-32.36,-23.87,23.03,81.09,23.76,—,—,—,—
5260,FCF GR,—,28.97,—,—,—,—,—,—,—,—,—
5260,D/E,0.53,0.54,0.28,0.37,0.31,0.26,0.17,0.30,—,—,—
5260,Price,0.4500,0.3250,0.5000,0.8750,1.7500,2.1200,2.6900,0.0000,0.0,0.0,0.0
5265,Year End,TTM,2018-12,2017-12,2016-12,2015-12,2014-12,2013-12,2012-12,2011-12,2010-12,2009-12
5265,Revenue,15,13,11,44,69,57,—,—,—,—,—
5265,NP,2,-4,-57,-5,3,6,—,—,—,—,—
5265,EPS,—,-0.01,-0.18,-0.01,0.01,0.02,—,—,—,—,—
5265,DPS,—,—,—,—,—,—,—,—,—,—,—
5265,Div Payout,—,—,—,—,—,—,—,—,—,—,—
5265,Shares,343,343,320,312,312,312,—,—,—,—,—
5265,BVPS,0.07,—,—,—,—,—,—,—,—,—,—
5265,OCF,-6,-1,12,4,-8,9,—,—,—,—,—
5265,FCF,-4,-16,-9,-9,-9,5,—,—,—,—,—
5265,NP Margin,11.29,-31.68,-536.96,-10.48,4.12,10.16,—,—,—,—,—
5265,ROE,7.96,-16.86,-108.53,-5.68,4.91,17.73,—,—,—,—,—
5265,Revenue GR,-58.61,25.49,-75.89,-36.44,22.28,—,—,—,—,—,—
5265,Revenue GR 3Y avg,—,-42.28,-42.78,—,—,—,—,—,—,—,—
5265,Revenue GR 5Y avg,—,—,—,—,—,—,—,—,—,—,—
5265,Revenue GR 10Y avg,—,—,—,—,—,—,—,—,—,—,—
5265,NP GR,—,—,—,—,—,—,—,—,—,—,—
5265,NP GR 3Y avg,—,—,—,—,—,—,—,—,—,—,—
5265,NP GR 5Y avg,—,—,—,—,—,—,—,—,—,—,—
5265,NP GR 10Y avg,0.0,0.0,0.0,0.0,0.0,0.0,0.0,0.0,0.0,0.0,0.0
5265,EPS GR,306.25,—,—,—,-31.92,—,—,—,—,—,—
5265,EPS GR 3Y avg,—,—,—,—,—,—,—,—,—,—,—
5265,EPS GR 5Y avg,—,—,—,—,—,—,—,—,—,—,—
5265,EPS GR 10Y avg,—,—,—,—,—,—,—,—,—,—,—
5265,OCF GR,—,—,235.74,—,—,—,—,—,—,—,—
5265,FCF GR,—,—,—,—,—,—,—,—,—,—,—
5265,D/E,0.14,1.23,0.41,0.17,0.05,0.12,—,—,—,—,—
5265,Price,0.0900,0.0850,0.1300,0.0900,0.1750,0.3650,0.7800,0.0000,0.0,0.0,0.0
5267,Year End,TTM,2020-03,2019-03,2018-03,2016-12,2015-12,2014-12,2013-12,2012-12,2011-12,2010-12
5267,Revenue,98,117,116,109,102,108,111,—,—,—,—
5267,NP,-3,1,2,10,11,16,16,—,—,—,—
5267,EPS,-0.02,0.01,0.01,0.05,0.05,0.08,0.09,—,—,—,—
5267,DPS,—,0.01,—,0.01,0.01,—,—,—,—,—,—
5267,Div Payout,—,31.0,—,—,—,—,—,—,—,—,—
5267,Shares,221,216,216,216,216,197,171,—,—,—,—
5267,BVPS,0.80,0.87,0.69,0.67,—,—,—,—,—,—,—
5267,OCF,14,23,16,18,16,20,18,—,—,—,—
5267,FCF,24,6,5,5,-41,-1,-16,—,—,—,—
5267,NP Margin,-3.50,0.91,1.41,9.54,10.65,14.79,14.24,—,—,—,—
5267,ROE,-1.86,0.59,1.00,7.37,8.25,14.93,18.27,—,—,—,—
5267,Revenue GR,-2.97,0.90,6.61,—,-5.43,-2.49,—,—,—,—,—
5267,Revenue GR 3Y avg,—,—,5.97,0.47,—,—,—,—,—,—,—
5267,Revenue GR 5Y avg,—,1.98,1.17,—,—,—,—,—,—,—,—
5267,Revenue GR 10Y avg,—,—,—,—,—,—,—,—,—,—,—
5267,NP GR,—,—,-56.86,-17.33,—,—,—,—,—,—,—
5267,NP GR 3Y avg,—,-47.00,-41.25,—,—,—,—,—,—,—,—
5267,NP GR 5Y avg,—,—,—,—,—,—,—,—,—,—,—
5267,NP GR 10Y avg,0.0,0.0,0.0,0.0,0.0,0.0,0.0,0.0,0.0,0.0,0.0
5267,EPS GR,42.86,-34.21,-84.20,—,-37.80,-12.36,—,—,—,—,—
5267,EPS GR 3Y avg,—,—,-56.89,-20.65,—,—,—,—,—,—,—
5267,EPS GR 5Y avg,—,-48.04,-44.44,—,—,—,—,—,—,—,—
5267,EPS GR 10Y avg,—,—,—,—,—,—,—,—,—,—,—
5267,OCF GR,—,42.05,-9.95,—,-15.98,8.73,—,—,—,—,—
5267,FCF GR,—,12.73,5.33,—,—,—,—,—,—,—,—
5267,D/E,0.58,0.51,0.34,0.44,—,0.27,0.40,—,—,—,—
5267,Price,0.4000,0.4000,0.4050,0.8000,1.1200,1.1600,1.0200,1.1300,0.0000,0.0,0.0
5268,Year End,TTM,2019-12,2018-12,2017-12,2016-12,2015-12,2014-12,2013-12,2012-12,2011-12,2010-12
5268,Revenue,97,200,308,303,243,269,294,—,—,—,—
5268,NP,-86,-158,-29,7,11,25,22,—,—,—,—
5268,EPS,-0.15,-0.28,-0.05,0.01,0.02,0.06,0.05,—,—,—,—
5268,DPS,—,—,—,0.01,0.01,—,—,—,—,—,—
5268,Div Payout,—,—,—,—,—,—,—,—,—,—,—
5268,Shares,589,564,543,524,520,447,394,—,—,—,—
5268,BVPS,0.03,—,—,—,—,—,—,—,—,—,—
5268,OCF,22,18,43,-8,-16,-25,11,—,—,—,—
5268,FCF,22,18,42,-9,-25,-53,7,—,—,—,—
5268,NP Margin,-88.72,-79.07,-9.40,2.29,4.65,9.36,7.34,—,—,—,—
5268,ROE,-140.34,-145.12,-14.90,3.44,5.86,17.64,22.46,—,—,—,—
5268,Revenue GR,-83.09,-35.26,1.66,24.98,-9.71,-8.47,—,—,—,—,—
5268,Revenue GR 3Y avg,—,-6.30,4.68,1.09,—,—,—,—,—,—,—
5268,Revenue GR 5Y avg,—,-7.43,—,—,—,—,—,—,—,—,—
5268,Revenue GR 10Y avg,—,—,—,—,—,—,—,—,—,—,—
5268,NP GR,—,—,—,-31.49,—,—,—,—,—,—,—
5268,NP GR 3Y avg,—,—,—,—,—,—,—,—,—,—,—
5268,NP GR 5Y avg,—,—,—,—,—,—,—,—,—,—,—
5268,NP GR 10Y avg,0.0,0.0,0.0,0.0,0.0,0.0,0.0,0.0,0.0,0.0,0.0
5268,EPS GR,-96.44,—,—,-39.17,-61.46,2.95,—,—,—,—,—
5268,EPS GR 3Y avg,—,—,—,-37.74,—,—,—,—,—,—,—
5268,EPS GR 5Y avg,—,—,—,—,—,—,—,—,—,—,—
5268,EPS GR 10Y avg,—,—,—,—,—,—,—,—,—,—,—
5268,OCF GR,—,-58.80,—,—,—,—,—,—,—,—,—
5268,FCF GR,—,-57.84,—,—,—,—,—,—,—,—,—
5268,D/E,0.29,0.29,0.12,0.12,0.10,0.08,0.21,—,—,—,—
5268,Price,0.0900,0.0750,0.1000,0.5600,0.5700,0.6750,0.0000,0.0,0.0,0.0,0.0
5270,Year End,TTM,2018-09,2017-09,2016-09,2015-09,2014-09,2013-09,2012-09,2011-09,2010-09,2009-09
5270,Revenue,—,—,—,—,—,—,—,—,—,—,—
5270,NP,-8,-8,-8,-7,-1,—,—,—,—,—,—
5270,EPS,-0.01,-0.01,-0.01,-0.01,-0.01,—,—,—,—,—,—
5270,DPS,—,—,—,—,—,—,—,—,—,—,—
5270,Div Payout,—,—,—,—,—,—,—,—,—,—,—
5270,Shares,"1,000","1,000","1,000",860,193,—,—,—,—,—,—
5270,BVPS,0.02,0.02,0.03,0.04,—,—,—,—,—,—,—
5270,OCF,-7,-7,-7,-6,-1,—,—,—,—,—,—
5270,FCF,-7,-7,-7,-6,-1,—,—,—,—,—,—
5270,NP Margin,—,—,—,—,—,—,—,—,—,—,—
5270,ROE,-38.59,-38.59,-26.29,-32.96,-15.25,—,—,—,—,—,—
5270,Revenue GR,—,—,—,—,—,—,—,—,—,—,—
5270,Revenue GR 3Y avg,—,—,—,—,—,—,—,—,—,—,—
5270,Revenue GR 5Y avg,—,—,—,—,—,—,—,—,—,—,—
5270,Revenue GR 10Y avg,—,—,—,—,—,—,—,—,—,—,—
5270,NP GR,—,—,—,—,—,—,—,—,—,—,—
5270,NP GR 3Y avg,—,—,—,—,—,—,—,—,—,—,—
5270,NP GR 5Y avg,—,—,—,—,—,—,—,—,—,—,—
5270,NP GR 10Y avg,0.0,0.0,0.0,0.0,0.0,0.0,0.0,0.0,0.0,0.0,0.0
5270,EPS GR,—,—,—,—,—,—,—,—,—,—,—
5270,EPS GR 3Y avg,—,—,—,—,—,—,—,—,—,—,—
5270,EPS GR 5Y avg,—,—,—,—,—,—,—,—,—,—,—
5270,EPS GR 10Y avg,—,—,—,—,—,—,—,—,—,—,—
5270,OCF GR,—,—,—,—,—,—,—,—,—,—,—
5270,FCF GR,—,—,—,—,—,—,—,—,—,—,—
5270,D/E,—,—,—,—,—,—,—,—,—,—,—
5270,Price,0.4800,0.4800,0.4550,0.4150,0.0000, - ,0.0,0.0,0.0,0.0,0.0
5275,Year End,TTM,2020-10,2019-10,2018-10,2017-10,2016-10,2015-10,2014-10,2013-10,2012-10,2011-10
5275,Revenue,428,489,517,391,328,264,218,—,—,—,—
5275,NP,-31,-10,28,26,24,18,14,—,—,—,—
5275,EPS,-0.05,-0.01,0.04,0.04,0.04,0.03,0.03,—,—,—,—
5275,DPS,—,—,0.01,0.01,0.01,0.01,—,—,—,—,—
5275,Div Payout,—,—,23.0,121.2,28.6,—,—,—,—,—,—
5275,Shares,—,682,682,682,652,553,458,—,—,—,—
5275,BVPS,0.37,0.41,0.41,0.38,0.25,—,—,—,—,—,—
5275,OCF,19,41,83,10,6,20,8,—,—,—,—
5275,FCF,-17,4,-22,-78,-16,-4,1,—,—,—,—
5275,NP Margin,-7.27,-2.01,5.33,6.77,7.33,6.87,6.21,—,—,—,—
5275,ROE,-11.52,-3.53,10.12,10.54,12.19,17.44,24.34,—,—,—,—
5275,Revenue GR,-15.83,-5.40,32.20,19.42,24.08,21.37,—,—,—,—,—
5275,Revenue GR 3Y avg,—,14.31,25.12,21.61,—,—,—,—,—,—,—
5275,Revenue GR 5Y avg,—,17.60,—,—,—,—,—,—,—,—,—
5275,Revenue GR 10Y avg,—,—,—,—,—,—,—,—,—,—,—
5275,NP GR,—,—,14.98,25.18,—,—,—,—,—,—,—
5275,NP GR 3Y avg,—,—,—,—,—,—,—,—,—,—,—
5275,NP GR 5Y avg,—,—,—,—,—,—,—,—,—,—,—
5275,NP GR 10Y avg,0.0,0.0,0.0,0.0,0.0,0.0,0.0,0.0,0.0,0.0,0.0
5275,EPS GR,344.12,—,4.12,0.39,17.84,11.38,—,—,—,—,—
5275,EPS GR 3Y avg,—,—,7.19,9.63,—,—,—,—,—,—,—
5275,EPS GR 5Y avg,—,—,—,—,—,—,—,—,—,—,—
5275,EPS GR 10Y avg,—,—,—,—,—,—,—,—,—,—,—
5275,OCF GR,—,-51.20,771.38,62.13,-70.05,131.15,—,—,—,—,—
5275,FCF GR,—,—,—,—,—,—,—,—,—,—,—
5275,D/E,0.33,0.39,0.20,0.01,0.03,0.05,0.16,—,—,—,—
5275,Price,0.9300,0.5550,1.3300,1.4500,2.4200,1.7100,0.0000,0.0,0.0,0.0,0.0
5297,Year End,TTM,2020-12,2019-12,2018-12,2017-12,2016-12,2015-12,2014-12,2013-12,2012-12,2011-12
5297,Revenue,256,256,422,328,292,—,—,—,—,—,—
5297,NP,16,16,16,9,7,—,—,—,—,—,—
5297,EPS,0.05,0.05,0.05,0.03,0.02,—,—,—,—,—,—
5297,DPS,—,—,—,—,—,—,—,—,—,—,—
5297,Div Payout,—,—,—,—,—,—,—,—,—,—,—
5297,Shares,317,317,317,317,317,—,—,—,—,—,—
5297,BVPS,0.32,—,—,—,—,—,—,—,—,—,—
5297,OCF,16,16,1,9,7,—,—,—,—,—,—
5297,FCF,16,16,—,5,4,—,—,—,—,—,—
5297,NP Margin,6.36,6.36,3.69,2.71,2.50,—,—,—,—,—,—
5297,ROE,22.28,22.28,43.06,35.37,33.25,—,—,—,—,—,—
5297,Revenue GR,—,-39.34,28.63,12.11,—,—,—,—,—,—,—
5297,Revenue GR 3Y avg,—,-4.36,—,—,—,—,—,—,—,—,—
5297,Revenue GR 5Y avg,—,—,—,—,—,—,—,—,—,—,—
5297,Revenue GR 10Y avg,—,—,—,—,—,—,—,—,—,—,—
5297,NP GR,—,30.62,—,—,—,—,—,—,—,—,—
5297,NP GR 3Y avg,—,—,—,—,—,—,—,—,—,—,—
5297,NP GR 5Y avg,—,—,—,—,—,—,—,—,—,—,—
5297,NP GR 10Y avg,0.0,0.0,0.0,0.0,0.0,0.0,0.0,0.0,0.0,0.0,0.0
5297,EPS GR,—,4.61,74.81,21.86,—,—,—,—,—,—,—
5297,EPS GR 3Y avg,—,30.62,—,—,—,—,—,—,—,—,—
5297,EPS GR 5Y avg,—,—,—,—,—,—,—,—,—,—,—
5297,EPS GR 10Y avg,—,—,—,—,—,—,—,—,—,—,—
5297,OCF GR,—,—,-94.35,29.42,—,—,—,—,—,—,—
5297,FCF GR,—,—,-96.57,20.31,—,—,—,—,—,—,—
5297,D/E,—,0.06,0.23,0.38,0.48,—,—,—,—,—,—
5275,Price,0.9300,0.5550,1.3300,1.4500,2.4200,1.7100,0.0000,0.0,0.0,0.0,0.0
5401,Year End,TTM,2020-12,2019-12,2018-12,2017-12,2016-12,2015-12,2014-12,2013-12,2012-12,2011-12
5401,Revenue,"1,160","1,063","1,136","1,635","1,909","1,459","1,253","1,972","1,476",630,375
5401,NP,106,109,325,170,187,113,223,334,362,171,65
5401,EPS,0.04,0.04,0.20,0.11,0.12,0.07,0.14,0.22,0.30,0.16,0.10
5401,DPS,—,—,0.03,0.01,0.04,0.02,0.05,0.04,0.10,0.03,0.05
5401,Div Payout,—,—,25.6,26.1,23.9,118.8,—,33.2,35.1,12.0,31.5
5401,Shares,"2,391","2,416","1,597","1,570","1,565","1,563","1,568","1,500","1,200","1,055",752
5401,BVPS,2.72,2.67,2.43,2.20,2.05,2.02,2.01,1.79,1.96,2.40,1.78
5401,OCF,-325,-747,-105,48,193,94,-114,-607,171,-287,-230
5401,FCF,-362,-789,-155,-50,67,-49,-252,-696,93,-421,-906
5401,NP Margin,7.63,8.59,28.24,10.40,9.82,7.71,17.83,16.93,24.55,27.14,17.34
5401,ROE,2.26,2.32,8.77,5.07,5.83,3.62,7.42,12.14,15.52,11.22,7.04
5401,Revenue GR,68.52,-6.45,-30.55,-14.32,30.79,16.50,-36.49,33.67,134.07,68.00,28.39
5401,Revenue GR 3Y avg,—,-17.74,-8.02,9.29,-1.09,-0.37,25.72,73.87,71.55,26.45,15.41
5401,Revenue GR 5Y avg,—,-3.24,-10.45,2.08,24.81,31.21,33.79,44.62,43.31,18.45,16.11
5401,Revenue GR 10Y avg,—,13.78,13.80,20.95,21.58,23.43,—,—,—,—,—
5401,NP GR,—,-16.62,42.47,-8.68,-17.51,-32.28,9.29,72.49,103.09,50.17,23.63
5401,NP GR 3Y avg,—,-13.42,-0.52,-14.04,1.85,11.58,38.86,45.90,60.11,28.62,9.94
5401,NP GR 5Y avg,—,9.65,20.48,17.31,14.46,10.76,—,—,—,—,—
5401,NP GR 10Y avg,0.0,0.0,0.0,0.0,0.0,0.0,0.0,0.0,0.0,0.0,0.0
5401,EPS GR,-50.25,-81.18,85.58,-9.62,66.39,-49.45,-36.03,-4.03,2.03,135.86,11.71
5401,EPS GR 3Y avg,—,-31.91,40.79,-8.74,-18.67,-32.30,-14.43,32.19,39.05,10.01,-7.10
5401,EPS GR 5Y avg,—,-23.30,-2.03,-14.14,-12.03,-5.67,10.54,5.45,14.05,6.08,-7.39
5401,EPS GR 10Y avg,—,-7.92,1.64,-1.04,-3.40,-6.53,—,—,—,—,—
5401,OCF GR,—,—,—,-75.10,105.42,—,—,—,—,—,—
5401,FCF GR,—,—,—,—,—,—,—,—,—,—,—
5401,D/E,0.78,0.78,0.40,0.39,0.35,0.40,0.41,0.57,0.61,—,0.89
5401,Price,0.8650,0.8500,0.9350,0.8900,0.9150,1.0000,1.0000,1.0600,1.2200,1.0300,1.3800
5568,Year End,TTM,2020-09,2019-09,2018-09,2017-09,2016-09,2015-09,2014-09,2013-09,2012-09,2011-09
5568,Revenue,67,89,65,74,59,89,137,173,137,227,169
5568,NP,6,4,-1,-18,4,-7,18,12,10,9,9
5568,EPS,0.05,0.03,-0.01,-0.16,0.03,-0.06,0.17,0.11,0.09,0.08,0.08
5568,DPS,—,—,—,0.03,0.03,0.07,0.07,0.07,0.07,0.07,0.03
5568,Div Payout,—,—,—,—,35.3,—,57.8,58.1,60.8,37.0,37.0
5568,Shares,111,111,111,111,111,111,111,111,111,111,111
5568,BVPS,1.48,1.41,1.39,1.54,1.61,1.56,1.66,1.61,1.57,1.40,1.44
5568,OCF,4,-4,-10,-9,18,19,27,4,16,-4,19
5568,FCF,1,-6,-11,-10,17,19,25,-1,14,-6,13
5568,NP Margin,8.50,4.27,-1.92,-23.89,6.32,-7.98,13.43,7.01,7.56,3.89,5.32
5568,ROE,3.56,2.40,-0.79,-10.47,2.10,-3.84,9.82,6.77,5.93,5.28,5.65
5568,Revenue GR,-32.68,38.14,-12.48,24.53,-33.51,-34.80,-20.95,26.29,-39.68,34.62,31.22
5568,Revenue GR 3Y avg,—,14.62,-10.18,-18.57,-30.02,-13.34,-15.55,0.84,2.14,11.81,-5.32
5568,Revenue GR 5Y avg,—,-8.18,-17.88,-11.63,-23.55,-11.97,1.24,1.27,-7.17,5.30,-3.55
5568,Revenue GR 10Y avg,—,-3.58,-8.81,-9.43,-10.28,-7.86,—,—,—,—,—
5568,NP GR,—,0.57,—,—,-32.39,—,27.65,10.53,28.56,-27.73,-19.74
5568,NP GR 3Y avg,—,-26.99,—,—,-15.76,—,30.38,-12.32,-9.82,-15.86,-2.56
5568,NP GR 5Y avg,—,-2.44,—,—,-15.81,—,—,—,—,—,—
5568,NP GR 10Y avg,0.0,0.0,0.0,0.0,0.0,0.0,0.0,0.0,0.0,0.0,0.0
5568,EPS GR,201.56,—,—,—,—,—,51.51,16.99,17.29,-1.59,84.12
5568,EPS GR 3Y avg,—,0.59,—,—,-32.42,—,27.63,10.53,28.57,-29.95,-19.89
5568,EPS GR 5Y avg,—,-27.00,—,—,-15.79,—,30.37,-13.95,-9.91,-15.81,-2.60
5568,EPS GR 10Y avg,—,-2.44,—,—,-15.80,—,—,—,—,—,—
5568,OCF GR,—,—,—,—,-8.44,-29.42,544.43,-74.03,—,—,—
5568,FCF GR,—,—,—,—,-11.39,-25.37,—,—,—,—,—
5568,D/E,—,—,—,—,—,—,—,—,—,—,—
5568,Price,0.8300,0.3350,0.4950,0.8300,1.1600,0.9700,1.1300,1.3200,0.9000,0.8700,0.8600
5576,Year End,TTM,2020-12,2019-12,2018-12,2017-12,2016-12,2015-12,2014-12,2013-12,2012-12,2011-12
5576,Revenue,207,202,258,269,287,279,280,239,227,271,244
5576,NP,5,3,2,12,12,13,17,6,16,13,9
5576,EPS,0.01,0.01,—,0.02,0.05,0.04,0.05,0.02,0.05,0.04,0.03
5576,DPS,—,—,0.01,—,—,—,—,—,—,—,—
5576,Div Payout,—,—,99.5,14.2,—,—,—,—,—,—,—
5576,Shares,511,511,511,511,228,354,339,344,344,344,344
5576,BVPS,1.11,1.10,1.11,1.08,1.06,1.02,0.99,0.93,0.88,0.87,0.82
5576,OCF,27,41,36,6,37,-3,6,13,4,15,6
5576,FCF,26,40,33,-20,28,-4,1,11,1,11,-3
5576,NP Margin,2.59,1.54,0.93,4.51,4.21,4.54,6.01,2.39,7.22,4.95,3.84
5576,ROE,1.43,0.83,0.65,3.31,3.39,3.68,5.12,1.79,5.33,4.59,3.30
5576,Revenue GR,10.83,-21.89,-4.02,-6.13,2.88,-0.68,17.46,5.05,-16.24,11.41,12.52
5576,Revenue GR 3Y avg,—,-11.05,-2.50,-1.38,6.27,7.01,1.10,-0.66,1.64,9.58,-3.38
5576,Revenue GR 5Y avg,—,-6.38,1.58,3.43,1.10,2.72,5.31,2.97,-3.39,-4.59,-7.72
5576,Revenue GR 10Y avg,—,-0.71,2.27,-0.04,-1.79,-2.64,—,—,—,—,—
5576,NP GR,—,-36.36,-42.45,-10.42,28.27,-8.34,7.87,-15.17,—,73.72,-9.55
5576,NP GR 3Y avg,—,-28.69,-15.86,-5.88,-2.14,6.19,—,17.40,5.34,1.17,-8.85
5576,NP GR 5Y avg,—,—,-0.61,-0.43,-0.49,-1.62,—,—,—,—,—
5576,NP GR 10Y avg,0.0,0.0,0.0,0.0,0.0,0.0,0.0,0.0,0.0,0.0,0.0
5576,EPS GR,—,29.79,-80.17,-30.56,-31.03,0.54,196.35,-65.19,22.16,43.54,—
5576,EPS GR 3Y avg,—,-43.67,-54.37,-21.62,27.14,1.22,8.01,-15.18,—,74.54,-9.51
5576,EPS GR 5Y avg,—,-34.14,-22.31,-13.06,-2.66,12.70,—,17.72,5.37,1.24,-8.79
5576,EPS GR 10Y avg,—,—,-4.37,-4.29,-0.73,1.39,—,—,—,—,—
5576,OCF GR,—,15.32,521.08,-84.47,—,—,-51.40,257.46,-76.20,150.05,283.06
5576,FCF GR,—,20.79,—,—,—,—,-92.51,—,-93.92,—,—
5576,D/E,0.05,0.05,0.07,0.05,0.02,0.02,0.03,0.04,0.05,0.07,0.08
5576,Price,0.3350,0.3500,0.3300,0.2750,0.4800,0.5500,1.4800,0.8100,0.7100,0.5000,0.4500
5592,Year End,TTM,2020-12,2019-12,2018-12,2017-12,2016-12,2015-12,2014-12,2013-12,2012-12,2011-12
5592,Revenue,12,12,24,23,26,28,30,32,33,36,39
5592,NP,-8,-10,-7,-5,-4,-6,-2,-1,3,13,"8,873"
5592,EPS,-0.04,-0.05,-0.03,-0.02,-0.02,-0.03,-0.01,—,0.02,0.07,0.04
5592,DPS,—,—,—,0.02,0.02,0.02,0.02,0.04,0.04,0.04,0.03
5592,Div Payout,—,—,—,—,—,—,—,740.7,70.5,60.6,142.9
5592,Shares,197,197,197,197,197,197,197,197,197,197,197
5592,BVPS,1.02,1.04,1.09,1.12,1.17,1.22,1.26,1.29,1.32,1.36,1.30
5592,OCF,-6,-9,-3,-1,-1,—,1,3,4,8,7
5592,FCF,-7,-9,-5,-3,-4,-2,-3,—,—,5,5
5592,NP Margin,-70.96,-79.50,-28.45,-23.21,-16.82,-21.03,-6.62,-2.54,9.37,36.07,—
5592,ROE,-4.05,-4.59,-3.09,-2.39,-1.86,-2.38,-0.79,-0.31,1.18,4.93,—
5592,Revenue GR,-7.79,-48.86,1.61,-10.50,-6.14,-7.53,-5.35,-5.56,-7.60,-7.46,-1.18
5592,Revenue GR 3Y avg,—,-22.52,-5.14,-8.08,-6.35,-6.15,-6.17,-6.88,-5.46,-9.75,-9.24
5592,Revenue GR 5Y avg,—,-16.60,-5.67,-7.04,-6.44,-6.71,-5.46,-8.50,-8.56,-7.95,-3.42
5592,Revenue GR 10Y avg,—,-11.20,-7.09,-7.80,-7.20,-5.08,—,—,—,—,—
5592,NP GR,—,—,—,—,—,—,—,—,-9.36,9.87,781.82
5592,NP GR 3Y avg,—,—,—,—,—,—,—,—,-24.72,-0.47,311.77
5592,NP GR 5Y avg,—,—,—,—,—,—,—,—,—,—,—
5592,NP GR 10Y avg,0.0,0.0,0.0,0.0,0.0,0.0,0.0,0.0,0.0,0.0,0.0
5592,EPS GR,-37.80,—,—,—,—,—,—,—,-75.76,46.67,114.29
5592,EPS GR 3Y avg,—,—,—,—,—,—,—,—,-8.67,13.62,-9.14
5592,EPS GR 5Y avg,—,—,—,—,—,—,—,—,-23.23,0.93,3.44
5592,EPS GR 10Y avg,—,—,—,—,—,—,—,—,—,—,—
5592,OCF GR,—,—,—,—,—,-67.61,-47.90,-38.18,-41.46,4.13,-32.17
5592,FCF GR,—,—,—,—,—,—,—,-14.81,-90.25,-5.34,-40.89
5592,D/E,—,—,—,—,—,—,—,—,—,—,—
5592,Price,0.3600,0.3750,0.4850,0.4800,0.5200,0.5750,0.6150,0.9550,0.9250,0.7500,0.7000
5606,Year End,TTM,2020-12,2019-12,2018-12,2017-12,2016-12,2015-12,2014-12,2013-01,2012-01,2011-01
5606,Revenue,949,"1,005","1,436","1,302","1,222","1,255","1,278","1,289",93,195,264
5606,NP,-16,9,209,236,215,165,109,102,93,286,23
5606,EPS,-0.02,0.01,0.22,0.26,0.27,0.21,0.14,0.17,0.16,0.44,0.04
5606,DPS,—,—,0.01,0.02,0.02,0.02,0.02,—,—,0.03,—
5606,Div Payout,—,—,3.9,8.6,9.2,9.0,10.9,—,—,—,—
5606,Shares,935,905,942,931,819,819,786,612,632,657,656
5606,BVPS,3.90,3.92,3.44,4.14,3.75,3.48,3.26,2.90,—,—,—
5606,OCF,—,—,—,—,—,—,—,—,—,—,—
5606,FCF,66,122,322,229,245,465,169,177,42,32,-55
5606,NP Margin,-1.73,0.92,14.53,18.10,17.60,13.14,8.54,7.93,100.11,146.91,8.86
5606,ROE,-0.47,0.28,6.91,8.93,9.50,7.76,5.47,5.60,6.66,22.49,2.02
5606,Revenue GR,-19.49,-30.02,10.33,6.53,-2.65,-1.78,-0.83,294.99,-52.31,-26.32,—
5606,Revenue GR 3Y avg,—,-6.31,4.59,0.62,-1.76,94.40,61.66,49.86,-22.36,-2.90,—
5606,Revenue GR 5Y avg,—,-4.69,2.19,56.24,36.38,30.11,37.00,35.59,-11.88,-2.00,—
5606,Revenue GR 10Y avg,—,16.02,19.12,20.19,17.23,19.28,—,—,—,—,—
5606,NP GR,—,-64.97,8.13,29.26,28.18,15.78,-21.81,45.64,33.61,90.40,—
5606,NP GR 3Y avg,—,-38.95,15.35,17.02,-4.70,39.07,19.00,16.47,23.89,33.61,—
5606,NP GR 5Y avg,—,-12.34,15.95,20.11,11.24,16.31,—,—,—,—,—
5606,NP GR 10Y avg,0.0,0.0,0.0,0.0,0.0,0.0,0.0,0.0,0.0,0.0,0.0
5606,EPS GR,-141.03,-95.14,-12.02,-4.01,29.27,44.12,-14.59,8.47,-67.21,—,—
5606,EPS GR 3Y avg,—,-65.50,2.97,21.38,16.75,9.72,-24.81,48.22,33.88,66.10,—
5606,EPS GR 5Y avg,—,-40.20,6.09,10.29,-8.02,34.38,15.90,9.98,14.33,22.91,—
5606,EPS GR 10Y avg,—,-14.39,8.18,12.11,5.04,9.89,—,—,—,—,—
5606,OCF GR,—,-43.17,42.66,-1.19,-48.62,69.00,-31.69,223.30,-21.07,—,—
5606,FCF GR,—,-62.03,40.49,-6.69,-47.20,175.35,-4.79,111.19,32.97,—,—
5606,D/E,0.67,0.67,0.81,1.17,1.21,1.21,1.25,0.82,0.07,0.07,0.08
5606,Price,2.7700,2.5800,3.6100,2.4800,2.9600,2.5200,2.2800,2.3600,2.0400,2.0000,1.9100
5622,Year End,TTM,2020-12,2019-12,2018-12,2017-12,2017-05,2016-05,2015-05,2014-05,2013-05,2012-05
5622,Revenue,—,—,—,—,—,71,51,17,108,169,88
5622,NP,-2,-1,-1,138,—,10,24,7,23,34,14
5622,EPS,-0.03,-0.02,-0.01,3.00,0.01,0.15,0.36,0.11,0.36,0.53,0.14
5622,DPS,—,—,—,—,—,—,—,—,—,—,—
5622,Div Payout,—,—,—,—,—,—,—,—,—,—,—
5622,Shares,69,69,69,46,69,68,66,65,64,64,100
5622,BVPS,1.00,1.02,1.04,1.05,2.76,—,—,—,—,—,—
5622,OCF,-3,-3,-4,-1,-2,—,—,—,—,—,—
5622,FCF,-3,-3,-4,-1,-2,24,15,19,-67,-127,-11
5622,NP Margin,—,—,—,—,305.49,14.73,47.48,42.81,21.57,20.25,15.65
5622,ROE,-3.27,-1.80,-1.36,377.82,102.44,5.88,15.25,5.14,19.26,37.32,25.10
5622,Revenue GR,-96.37,-39.02,-66.67,21.50,-100.00,40.41,203.23,-84.63,-35.77,91.73,1059.58
5622,Revenue GR 3Y avg,—,-37.26,-93.78,-89.15,-84.52,-13.19,-33.11,-42.59,142.61,19.68,-36.60
5622,Revenue GR 5Y avg,—,-79.79,-71.34,-75.79,-78.93,-4.23,46.08,-29.91,-20.69,-6.66,-18.67
5622,Revenue GR 10Y avg,—,-43.30,-54.30,-55.04,-54.20,-11.75,-7.21,—,—,—,—
5622,NP GR,—,—,—,96.65,-66.94,-23.55,-11.14,-19.70,176.98,210.74,38.28
5622,NP GR 3Y avg,—,—,—,47.20,-61.94,-5.38,85.21,44.31,35.03,49.30,37.33
5622,NP GR 5Y avg,—,—,—,40.71,-22.37,13.99,28.65,—,—,—,—
5622,NP GR 10Y avg,0.0,0.0,0.0,0.0,0.0,0.0,0.0,0.0,0.0,0.0,0.0
5622,EPS GR,643.48,—,—,—,-99.62,-57.83,232.57,-69.81,-32.00,288.78,—
5622,EPS GR 3Y avg,—,—,—,125.78,-67.67,-24.91,-11.94,-7.24,261.25,305.60,55.52
5622,EPS GR 5Y avg,—,—,—,58.39,-62.55,2.28,116.29,68.79,58.32,75.24,47.30
5622,EPS GR 10Y avg,—,—,—,58.33,-16.26,22.74,39.04,—,—,—,—
5622,OCF GR,—,—,—,—,—,53.85,-18.59,—,—,—,—
5622,FCF GR,—,—,—,—,—,56.47,-20.10,—,—,—,—
5622,D/E,—,—,0.01,—,—,1.42,1.56,2.03,1.96,2.40,3.13
5622,Price,1.7900,0.7000,0.8050,0.7400,2.3500,1.5300,1.6400,1.1200,1.2600,1.4100,0.0800
5649,Year End,TTM,2020-12,2019-12,2018-12,2017-12,2016-12,2015-12,2014-12,2013-12,2012-12,2011-12
5649,Revenue,54,47,57,74,66,58,74,106,79,67,60
5649,NP,-4,-7,-9,1,1,-6,-3,15,-3,1,2
5649,EPS,-0.03,-0.05,-0.07,-0.02,—,-0.04,-0.02,0.11,-0.01,0.01,0.01
5649,DPS,—,—,0.01,—,—,—,—,—,—,—,—
5649,Div Payout,—,—,—,—,—,—,—,—,—,—,—
5649,Shares,138,141,141,139,135,135,135,135,135,135,135
5649,BVPS,0.48,0.39,0.51,0.56,0.52,0.57,0.64,0.69,0.59,0.57,0.39
5649,OCF,-3,-7,-1,8,3,-8,2,21,5,1,-1
5649,FCF,-4,-8,-6,7,—,-10,—,18,4,-1,-2
5649,NP Margin,-8.30,-14.22,-16.05,0.69,0.79,-9.64,-3.42,13.96,-3.22,2.12,2.50
5649,ROE,-7.08,-10.20,-13.29,0.68,0.69,-7.06,-2.99,18.56,-3.40,2.15,2.81
5649,Revenue GR,111.57,-17.94,-22.56,12.99,13.85,-22.27,-30.33,34.39,18.77,10.23,3.62
5649,Revenue GR 3Y avg,—,-10.45,-0.13,—,-14.89,-10.05,3.60,20.72,10.70,-7.33,-19.16
5649,Revenue GR 5Y avg,—,-8.67,-11.61,-1.31,-0.32,-0.96,4.90,4.90,-7.11,-10.92,-9.51
5649,Revenue GR 10Y avg,—,-2.12,-3.71,-4.25,-5.77,-5.33,—,—,—,—,—
5649,NP GR,—,—,—,—,-67.37,—,—,114.18,—,—,-32.92
5649,NP GR 3Y avg,—,—,—,—,-18.25,—,—,—,—,-33.93,-6.92
5649,NP GR 5Y avg,—,—,—,-20.37,-26.51,—,—,—,—,—,—
5649,NP GR 10Y avg,0.0,0.0,0.0,0.0,0.0,0.0,0.0,0.0,0.0,0.0,0.0
5649,EPS GR,-62.88,—,—,-2.63,—,—,—,—,—,-6.25,—
5649,EPS GR 3Y avg,—,—,—,—,-67.46,—,—,114.35,—,—,-34.02
5649,EPS GR 5Y avg,—,—,—,—,-18.39,—,—,—,—,-35.86,-9.65
5649,EPS GR 10Y avg,—,—,—,-20.98,-27.65,—,—,—,—,—,—
5649,OCF GR,—,—,—,207.01,—,—,-91.37,282.48,271.22,—,—
5649,FCF GR,—,—,—,—,—,—,—,361.32,—,—,—
5649,D/E,0.15,0.15,0.15,0.02,0.01,0.01,0.02,0.01,0.01,0.01,0.01
5649,Price,0.2400,0.2450,0.2000,0.1800,0.2650,0.2600,0.4300,0.4500,0.2850,0.3500,0.3700
5657,Year End,TTM,2020-06,2019-06,2018-06,2017-06,2016-06,2015-06,2014-06,2013-06,2012-06,2011-06
5657,Revenue,"3,041","3,039","3,739","3,688","3,964","3,884","3,739","3,554","3,503","3,444","2,925"
5657,NP,-386,-436,-129,-99,-121,-96,47,139,240,380,607
5657,EPS,-0.36,-0.41,-0.12,-0.09,-0.11,-0.09,0.04,0.10,0.17,0.27,0.25
5657,DPS,—,—,—,—,—,—,—,—,0.14,0.12,0.12
5657,Div Payout,—,—,—,—,—,—,—,60.6,59.5,47.6,—
5657,Shares,"1,067","1,067","1,067","1,067","1,066","1,078","1,107","1,316","1,423","1,429","1,426"
5657,BVPS,1.43,1.69,1.98,2.23,2.34,2.39,2.57,2.02,1.96,1.85,—
5657,OCF,442,130,86,45,384,-125,277,310,722,880,757
5657,FCF,319,7,-35,-250,99,-789,-440,-93,352,356,551
5657,NP Margin,-12.71,-14.36,-3.46,-2.70,-3.05,-2.47,1.25,3.91,6.84,11.03,11.91
5657,ROE,-23.01,-24.02,-6.04,-4.30,-4.96,-3.83,1.83,5.18,8.77,15.44,16.92
5657,Revenue GR,26.63,-18.71,1.38,-6.96,2.06,3.88,5.21,1.47,1.69,17.75,—
5657,Revenue GR 3Y avg,—,-8.47,-1.26,-0.46,3.71,3.51,2.77,6.71,8.76,10.06,—
5657,Revenue GR 5Y avg,—,-4.06,1.02,1.04,2.85,5.84,6.55,6.58,9.33,—,—
5657,Revenue GR 10Y avg,—,1.11,3.76,5.10,—,32.13,27.69,—,—,—,—
5657,NP GR,—,—,—,—,—,—,-50.32,-38.80,-23.41,-21.15,—
5657,NP GR 3Y avg,—,—,—,—,—,—,-38.59,-29.09,-17.78,—,—
5657,NP GR 5Y avg,—,—,—,—,—,—,10.80,—,—,—,—
5657,NP GR 10Y avg,0.0,0.0,0.0,0.0,0.0,0.0,0.0,0.0,0.0,0.0,0.0
5657,EPS GR,27.86,—,—,—,—,—,-60.16,-37.24,-36.70,8.41,—
5657,EPS GR 3Y avg,—,—,—,—,—,—,-45.91,-24.48,-6.67,-11.50,—
5657,EPS GR 5Y avg,—,—,—,—,—,—,-27.29,-22.74,-11.84,—,—
5657,EPS GR 10Y avg,—,—,—,—,—,—,-23.34,—,—,—,—
5657,OCF GR,—,50.47,92.92,-88.32,—,—,-10.67,-57.09,-17.99,16.30,—
5657,FCF GR,—,—,—,—,—,—,—,—,-0.93,-35.41,—
5657,D/E,2.77,3.10,1.13,0.88,0.07,0.83,0.75,0.61,0.57,0.46,0.33
5657,Price,0.2100,0.0900,0.2600,0.5800,0.5700,0.8100,1.5500,2.5800,3.9000,4.5800,6.0200
5665,Year End,TTM,2020-06,2019-06,2018-06,2017-06,2016-06,2015-06,2014-06,2013-06,2012-06,2009-12
5665,Revenue,"1,582","1,913","3,135","3,698","2,638","2,400","2,530","2,814","2,823","3,295","2,022"
5665,NP,-25,-467,-119,211,93,-221,-118,19,42,9,17
5665,EPS,-0.06,-0.93,-0.27,0.35,0.16,-0.53,-0.28,0.05,0.10,0.01,0.04
5665,DPS,—,—,—,0.04,0.03,—,—,0.04,0.07,0.10,0.05
5665,Div Payout,—,—,—,9.8,—,—,—,98.6,71.4,—,—
5665,Shares,—,504,434,596,590,419,419,419,435,435,435
5665,BVPS,1.17,0.72,2.04,2.17,1.80,1.88,2.08,1.98,1.99,—,—
5665,OCF,172,76,115,15,-146,303,-153,216,-35,419,—
5665,FCF,170,63,104,4,-158,232,-274,7,-322,222,—
5665,NP Margin,-1.61,-24.42,-3.80,5.70,3.54,-9.21,-4.65,0.67,1.49,0.27,0.85
5665,ROE,-4.53,-61.20,-13.08,24.35,12.91,-27.89,-13.28,2.20,4.95,1.01,2.27
5665,Revenue GR,4.87,-39.00,-15.22,40.18,9.90,-5.10,-10.09,-0.33,-14.33,—,—
5665,Revenue GR 3Y avg,—,-10.16,9.31,13.50,-2.12,-5.26,-8.44,—,-2.90,3.59,—
5665,Revenue GR 5Y avg,—,-5.44,2.19,5.55,-4.35,—,-3.66,0.01,2.84,—,—
5665,Revenue GR 10Y avg,—,-4.43,0.95,4.01,—,—,—,—,—,—,—
5665,NP GR,—,—,—,—,70.11,—,—,—,-18.30,-49.63,—
5665,NP GR 3Y avg,—,—,—,37.97,60.55,—,—,-29.95,-10.17,—,—
5665,NP GR 5Y avg,—,—,—,8.25,—,—,—,—,—,—,—
5665,NP GR 10Y avg,0.0,0.0,0.0,0.0,0.0,0.0,0.0,0.0,0.0,0.0,0.0
5665,EPS GR,-208.73,—,—,124.49,—,—,—,-55.25,380.95,—,—
5665,EPS GR 3Y avg,—,—,—,—,53.66,—,—,—,-18.25,-49.55,—
5665,EPS GR 5Y avg,—,—,—,29.52,50.84,—,—,-29.94,-10.11,—,—
5665,EPS GR 10Y avg,—,—,—,5.36,—,—,—,—,—,—,—
5665,OCF GR,—,-33.89,641.32,—,—,—,—,—,—,—,—
5665,FCF GR,—,-39.52,—,—,—,—,—,—,—,—,—
5665,D/E,0.53,0.04,0.10,0.20,0.40,0.37,0.35,0.51,0.26,0.03,—
5665,Price,0.8000,0.4650,0.9150,1.5600,1.6900,0.9800,0.9500,1.4200,1.7500,1.8000,2.1200
5673,Year End,TTM,2020-06,2019-06,2017-12,2016-12,2015-12,2014-12,2013-12,2012-12,2011-12,2010-12
5673,Revenue,30,81,113,419,471,557,636,628,657,638,653
5673,NP,-15,-38,-37,-11,-4,2,14,4,2,7,5
5673,EPS,-0.20,-0.53,-0.51,-0.15,-0.05,0.02,0.19,0.06,0.02,0.09,0.08
5673,DPS,—,—,—,—,0.03,—,0.03,0.03,0.03,0.03,0.05
5673,Div Payout,—,—,—,—,—,—,—,—,—,—,—
5673,Shares,75,72,72,72,72,72,72,72,72,72,72
5673,BVPS,0.48,0.62,1.59,—,—,—,—,—,—,—,—
5673,OCF,-11,-8,-4,9,-8,-6,4,4,-19,-16,10
5673,FCF,-15,-12,-6,9,-12,-7,-4,3,-21,-17,7
5673,NP Margin,-51.08,-46.74,-32.76,-2.52,-0.80,0.32,2.18,0.72,0.24,1.06,0.84
5673,ROE,-32.36,-69.52,-38.35,-6.80,-2.31,1.08,8.77,2.97,1.04,4.60,3.87
5673,Revenue GR,-35.77,-28.02,-58.33,-11.02,-15.40,-12.41,1.19,-4.43,3.02,-2.25,—
5673,Revenue GR 3Y avg,—,-39.44,-36.58,-12.96,-9.15,-5.38,-0.12,-1.27,-2.03,-4.98,—
5673,Revenue GR 5Y avg,—,-31.17,-26.78,-8.61,-5.89,-3.13,-1.88,-3.32,1.20,9.89,—
5673,Revenue GR 10Y avg,—,-18.51,-16.41,-3.83,1.69,—,—,—,—,—,—
5673,NP GR,—,—,—,—,—,4.41,27.26,-6.31,-52.89,-21.47,—
5673,NP GR 3Y avg,—,—,—,—,—,-20.03,-1.55,-20.22,-11.21,36.30,—
5673,NP GR 5Y avg,—,—,—,—,—,—,—,—,—,—,—
5673,NP GR 10Y avg,0.0,0.0,0.0,0.0,0.0,0.0,0.0,0.0,0.0,0.0,0.0
5673,EPS GR,-101.30,—,—,—,—,-87.15,208.87,185.71,-76.64,23.21,—
5673,EPS GR 3Y avg,—,—,—,—,—,4.27,27.27,-6.31,-52.85,-21.47,—
5673,EPS GR 5Y avg,—,—,—,—,—,-20.07,-1.54,-20.22,-11.15,36.37,—
5673,EPS GR 10Y avg,—,—,—,—,—,—,—,—,—,—,—
5673,OCF GR,—,—,—,—,—,—,3.92,—,—,—,—
5673,FCF GR,—,—,—,—,—,—,—,—,—,—,—
5673,D/E,0.68,0.16,0.12,0.13,0.13,0.04,0.07,0.11,0.03,0.01,0.08
5673,Price,1.2500,0.2300,0.4600,0.8700,0.7500,0.8200,1.0600,0.9100,0.7300,0.6000,0.6900
5738,Year End,TTM,2020-12,2019-12,2018-12,2017-12,2016-12,2015-12,2014-12,2013-12,2012-12,2011-12
5738,Revenue,33,37,92,91,94,87,126,275,263,254,182
5738,NP,-31,-34,-35,87,-3,-49,-9,38,36,25,24
5738,EPS,-0.11,-0.12,-0.13,0.32,-0.01,-0.18,-0.03,0.14,0.13,0.09,0.08
5738,DPS,—,—,—,—,—,—,—,—,—,—,—
5738,Div Payout,—,—,—,—,—,—,—,—,—,—,—
5738,Shares,274,274,293,273,274,274,274,276,276,276,276
5738,BVPS,2.86,2.94,3.07,3.27,2.84,2.96,2.94,2.95,2.82,2.74,2.57
5738,OCF,11,17,18,2,-7,-11,4,37,66,35,5
5738,FCF,9,15,10,-1,-12,-13,—,33,61,20,2
5738,NP Margin,-93.80,-92.63,-37.52,95.61,-2.80,-55.54,-6.83,13.76,13.70,9.95,13.01
5738,ROE,-3.89,-4.21,-4.12,10.64,-0.34,-6.06,-1.04,4.68,4.66,3.40,3.28
5738,Revenue GR,-31.07,-60.33,1.74,-3.14,7.12,-30.68,-54.20,4.69,3.59,39.53,-20.45
5738,Revenue GR 3Y avg,—,-26.88,1.82,-10.40,-30.20,-30.73,-20.81,14.81,4.76,12.89,-9.24
5738,Revenue GR 5Y avg,—,-21.92,-19.64,-19.18,-18.09,-13.64,-11.23,9.31,1.57,2.91,0.87
5738,Revenue GR 10Y avg,—,-16.74,-6.28,-9.40,-8.18,-6.66,—,—,—,—,—
5738,NP GR,—,—,—,—,—,—,—,16.97,22.55,94.86,21.44
5738,NP GR 3Y avg,—,—,—,19.19,—,—,—,61.80,22.22,-24.13,—
5738,NP GR 5Y avg,—,—,—,20.70,—,—,—,—,—,—,—
5738,NP GR 10Y avg,0.0,0.0,0.0,0.0,0.0,0.0,0.0,0.0,0.0,0.0,0.0
5738,EPS GR,-35.49,—,—,—,—,—,—,5.13,42.58,1.78,26.79
5738,EPS GR 3Y avg,—,—,—,—,—,—,—,15.12,22.54,94.87,23.40
5738,EPS GR 5Y avg,—,—,—,19.39,—,—,—,61.81,22.21,-24.13,—
5738,EPS GR 10Y avg,—,—,—,20.79,—,—,—,—,—,—,—
5738,OCF GR,—,-3.84,701.26,—,—,—,-88.30,-44.10,86.65,627.40,-93.19
5738,FCF GR,—,52.51,—,—,—,—,-99.71,-45.67,207.44,—,-97.81
5738,D/E,0.15,0.14,0.18,0.21,0.25,0.22,0.12,0.03,0.06,0.10,0.31
5738,Price,1.4200,1.2600,1.1200,1.4600,1.3000,1.1600,1.0500,1.1800,1.3100,1.0000,0.9800
5835,Year End,TTM,2019-06,2016-12,2015-12,2014-12,2013-12,2012-12,2011-12,2010-12,2009-12,2008-12
5835,Revenue,-7,12,106,94,86,99,97,39,45,64,99
5835,NP,-38,-46,5,—,7,13,3,4,-16,-28,-11
5835,EPS,-0.13,-0.16,0.02,—,0.03,0.05,0.01,0.01,-0.06,-0.10,-0.04
5835,DPS,—,—,—,—,—,—,—,—,—,—,—
5835,Div Payout,—,—,—,—,—,—,—,—,—,—,—
5835,Shares,313,285,269,264,263,263,263,263,263,263,263
5835,BVPS,0.06,—,0.62,0.62,0.59,0.60,0.53,0.48,—,—,—
5835,OCF,-13,7,30,20,-13,22,67,-13,12,5,—
5835,FCF,-21,-2,17,-3,-41,-18,-82,-27,11,4,—
5835,NP Margin,—,-392.24,4.87,0.42,8.33,12.74,3.37,9.83,-36.08,-43.09,-11.11
5835,ROE,-176.30,-159.15,3.20,0.25,4.59,8.61,2.40,2.96,-11.60,-16.58,-5.97
5835,Revenue GR,-99.29,-58.75,12.79,8.51,-12.58,1.91,148.33,-12.97,—,—,—
5835,Revenue GR 3Y avg,—,-36.00,2.28,-1.12,30.30,30.11,14.88,-26.74,—,—,—
5835,Revenue GR 5Y avg,—,-27.87,22.05,15.88,6.20,-0.10,-9.60,-22.78,—,—,—
5835,Revenue GR 10Y avg,—,-20.42,-2.92,—,—,—,—,—,—,—,—
5835,NP GR,—,—,-25.78,-50.46,23.30,—,—,—,—,—,—
5835,NP GR 3Y avg,—,—,6.05,—,—,—,—,—,—,—,—
5835,NP GR 5Y avg,—,—,—,—,—,—,—,—,—,—,—
5835,NP GR 10Y avg,0.0,0.0,0.0,0.0,0.0,0.0,0.0,0.0,0.0,0.0,0.0
5835,EPS GR,-19.19,—,—,-94.51,-43.01,286.29,-15.07,—,—,—,—
5835,EPS GR 3Y avg,—,—,-26.40,-50.54,23.20,—,—,—,—,—,—
5835,EPS GR 5Y avg,—,—,5.52,—,—,—,—,—,—,—,—
5835,EPS GR 10Y avg,—,—,—,—,—,—,—,—,—,—,—
5835,OCF GR,—,-44.16,52.18,—,—,-66.56,—,—,—,—,—
5835,FCF GR,—,—,—,—,—,—,—,—,—,—,—
5835,D/E,0.19,0.97,0.24,1.34,1.08,1.06,1.05,0.51,0.12,0.13,0.03
5835,Price,0.1300,0.1150,0.1050,0.1250,0.1300,0.1750,0.2800,0.3200,0.5250,0.3200,0.3150
5932,Year End,TTM,2020-06,2017-12,2016-12,2015-12,2014-12,2013-12,2012-12,2011-12,2010-12,2009-12
5932,Revenue,296,421,"1,084","1,035","1,228","1,053","1,054","1,280","1,178","1,231",788
5932,NP,-44,-19,3,1,3,6,5,5,6,11,6
5932,EPS,-0.06,-0.03,0.01,—,0.01,0.03,0.03,0.04,0.05,0.08,0.06
5932,DPS,—,—,—,—,0.02,0.01,0.02,0.02,0.02,0.03,0.03
5932,Div Payout,—,—,—,—,—,—,—,—,—,—,—
5932,Shares,823,573,304,277,245,201,158,144,129,122,105
5932,BVPS,0.17,0.36,—,—,—,—,—,—,—,—,—
5932,OCF,26,32,8,23,18,69,-131,-64,-4,-4,—
5932,FCF,25,31,2,-7,-1,46,-141,-74,-23,-14,—
5932,NP Margin,-14.83,-4.52,0.29,0.10,0.27,0.61,0.50,0.40,0.51,0.86,0.81
5932,ROE,-16.85,-7.25,1.34,0.49,1.64,3.55,3.42,3.87,5.03,10.11,7.32
5932,Revenue GR,-30.81,-31.55,4.76,-15.69,16.56,-0.02,-17.68,8.66,-4.27,—,—
5932,Revenue GR 3Y avg,—,-21.18,0.98,-0.59,-1.38,-3.66,-5.04,17.55,20.31,—,—
5932,Revenue GR 5Y avg,—,-13.17,-3.26,-2.55,-0.04,5.98,9.27,16.06,19.10,—,—
5932,Revenue GR 10Y avg,—,-4.04,5.96,7.73,—,—,—,—,—,—,—
5932,NP GR,—,—,-21.77,-41.08,-12.93,2.58,-20.98,-7.33,11.87,—,—
5932,NP GR 3Y avg,—,—,-9.52,-29.16,-20.47,0.16,4.08,-6.15,3.20,—,—
5932,NP GR 5Y avg,—,—,-7.85,-14.49,—,—,—,—,—,—,—
5932,NP GR 10Y avg,0.0,0.0,0.0,0.0,0.0,0.0,0.0,0.0,0.0,0.0,0.0
5932,EPS GR,14.17,—,164.44,-71.88,-57.33,-2.60,-6.55,-23.70,-46.00,—,—
5932,EPS GR 3Y avg,—,—,-31.79,-51.11,-27.04,-11.45,-27.25,-16.59,1.92,—,—
5932,EPS GR 5Y avg,—,—,-21.99,-39.16,-30.69,-11.99,-5.47,-13.69,-3.04,—,—
5932,EPS GR 10Y avg,—,—,-17.95,-23.20,—,—,—,—,—,—,—
5932,OCF GR,—,77.80,-65.92,27.83,-74.64,—,—,—,—,—,—
5932,FCF GR,—,201.01,—,—,—,—,—,—,—,—,—
5932,D/E,0.72,0.67,0.76,0.94,0.89,1.15,0.47,0.37,0.28,0.07,0.09
5932,Price,0.0900,0.0650,0.1750,0.2100,0.2600,0.3400,0.4350,0.4300,0.5400,0.7200,0.8100
6041,Year End,TTM,2020-12,2019-12,2018-12,2017-12,2016-12,2015-12,2014-12,2013-12,2012-12,2011-12
6041,Revenue,28,28,11,10,27,42,46,25,22,31,34
6041,NP,-5,-5,-7,-1,8,13,13,47,-12,-5,5
6041,EPS,-0.03,-0.03,-0.04,—,0.05,0.07,0.08,0.28,-0.07,-0.03,0.03
6041,DPS,—,—,—,—,0.02,0.02,0.04,—,—,—,—
6041,Div Payout,—,—,—,—,30.7,13.4,280.9,—,—,—,—
6041,Shares,153,153,167,168,168,168,168,168,168,168,164
6041,BVPS,1.00,1.03,1.06,1.02,1.02,0.98,0.88,0.90,0.67,0.69,0.69
6041,OCF,-22,-13,-23,-12,-11,10,-24,-15,10,12,1
6041,FCF,-21,-13,-23,-12,-11,9,-25,-16,10,12,1
6041,NP Margin,-18.48,-17.89,-61.34,-6.78,29.48,29.90,27.39,189.04,-52.39,-15.22,13.43
6041,ROE,-3.27,-3.19,-4.00,-0.40,4.62,7.73,8.23,36.82,-10.48,-4.01,3.86
6041,Revenue GR,-12.46,160.58,6.96,-61.84,-36.61,-9.69,86.21,13.04,-29.19,-8.39,-46.80
6041,Revenue GR 3Y avg,—,2.07,-36.28,-39.78,2.15,23.87,14.23,-9.83,-29.86,-28.75,-17.61
6041,Revenue GR 5Y avg,—,-9.45,-15.34,-14.39,-3.13,4.28,-6.19,-21.95,-18.35,-9.41,-8.81
6041,Revenue GR 10Y avg,—,-7.84,-18.71,-16.40,-6.32,-2.49,—,—,—,—,—
6041,NP GR,—,—,—,—,-45.02,—,—,117.71,—,—,5.78
6041,NP GR 3Y avg,—,—,—,—,—,22.38,22.20,52.42,—,—,-14.22
6041,NP GR 5Y avg,—,—,—,—,2.78,2.46,—,—,—,—,—
6041,NP GR 10Y avg,0.0,0.0,0.0,0.0,0.0,0.0,0.0,0.0,0.0,0.0,0.0
6041,EPS GR,3.45,—,—,—,-37.51,-1.33,-73.03,—,—,—,0.04
6041,EPS GR 3Y avg,—,—,—,—,-45.01,—,—,115.94,—,—,5.08
6041,EPS GR 5Y avg,—,—,—,—,—,21.79,22.13,52.26,—,—,-16.46
6041,EPS GR 10Y avg,—,—,—,—,1.19,0.87,—,—,—,—,—
6041,OCF GR,—,—,—,—,—,—,—,—,-16.12,821.37,-86.93
6041,FCF GR,—,—,—,—,—,—,—,—,-18.37,858.07,-87.09
6041,D/E,—,—,—,—,—,—,—,—,—,—,—
6041,Price,0.3000,0.2950,0.3350,0.3750,0.5000,0.5100,0.5200,0.4900,0.5600,0.2550,0.2900
6076,Year End,TTM,2020-12,2019-12,2018-12,2017-12,2016-12,2015-12,2014-12,2013-12,2012-12,2011-12
6076,Revenue,131,134,166,260,313,359,210,330,536,397,290
6076,NP,9,-4,-46,-2,-31,28,1,11,61,7,25
6076,EPS,0.03,-0.01,-0.15,-0.03,-0.12,0.10,0.01,0.04,0.21,0.06,0.10
6076,DPS,—,—,—,—,—,—,—,0.03,0.02,0.02,—
6076,Div Payout,—,—,—,—,—,—,—,18.7,21.3,—,176.7
6076,Shares,316,308,303,294,283,278,279,251,316,218,284
6076,BVPS,1.14,0.90,1.25,1.39,1.46,1.46,1.38,1.39,1.63,1.57,1.44
6076,OCF,89,67,114,157,160,94,100,127,54,83,56
6076,FCF,89,67,114,157,160,94,100,123,43,75,51
6076,NP Margin,7.17,-2.72,-28.01,-0.88,-9.76,7.91,0.66,3.19,11.46,1.79,8.47
6076,ROE,2.72,-1.03,-12.57,-0.58,-7.41,6.96,0.35,2.95,18.10,2.03,7.37
6076,Revenue GR,-9.12,-19.02,-36.29,-16.93,-12.89,71.17,-36.47,-38.41,35.29,36.76,7.50
6076,Revenue GR 3Y avg,—,-24.61,-22.75,7.39,-1.79,-12.51,-19.11,4.45,25.76,19.07,0.28
6076,Revenue GR 5Y avg,—,-8.57,-12.90,-13.49,-4.62,4.38,-4.89,7.06,13.29,3.82,15.16
6076,Revenue GR 10Y avg,—,-6.75,-3.43,-1.00,-0.49,9.64,—,—,—,—,—
6076,NP GR,—,—,—,—,—,-22.70,-42.02,-24.61,101.77,-29.83,-12.41
6076,NP GR 3Y avg,—,—,—,—,—,2.94,-28.69,-12.47,10.96,-36.64,—
6076,NP GR 5Y avg,—,—,—,—,—,—,—,—,—,—,—
6076,NP GR 10Y avg,0.0,0.0,0.0,0.0,0.0,0.0,0.0,0.0,0.0,0.0,0.0
6076,EPS GR,-88.96,—,—,—,—,—,-88.09,-80.38,—,—,191.91
6076,EPS GR 3Y avg,—,—,—,—,—,-21.91,—,-25.36,83.56,—,-15.26
6076,EPS GR 5Y avg,—,—,—,—,—,0.18,-32.08,-15.24,5.21,—,—
6076,EPS GR 10Y avg,—,—,—,—,—,—,—,—,—,—,—
6076,OCF GR,—,-41.01,-27.46,-2.05,69.99,-5.91,-21.31,137.37,-35.66,47.99,-50.37
6076,FCF GR,—,-41.08,-27.59,-2.02,69.96,-5.35,-18.75,187.40,-43.22,47.32,-53.55
6076,D/E,2.05,1.98,2.24,2.20,2.26,2.41,2.78,3.00,3.81,3.57,3.25
6076,Price,0.3000,0.2350,0.3100,0.4250,0.6450,0.6000,0.7950,1.0500,0.9900,0.5900,0.5600
6181,Year End,TTM,2020-06,2019-06,2018-06,2017-06,2016-06,2015-06,2014-06,2013-06,2012-06,2011-06
6181,Revenue,"1,455","1,809",992,819,831,632,503,500,359,340,462
6181,NP,7,18,26,52,63,36,46,52,35,62,73
6181,EPS,0.01,0.03,0.05,0.07,0.14,0.07,0.09,0.10,0.07,0.12,0.17
6181,DPS,—,0.01,0.02,0.03,0.03,0.03,0.03,0.03,0.03,0.12,0.01
6181,Div Payout,—,26.3,172.2,12.0,34.2,42.4,40.5,18.9,—,8.6,—
6181,Shares,528,528,528,528,468,545,553,553,557,506,418
6181,BVPS,1.76,1.77,1.74,1.73,1.48,1.59,1.55,1.53,1.43,1.36,—
6181,OCF,-50,565,-147,284,-28,-70,120,-115,-168,67,79
6181,FCF,-53,560,-154,278,-30,-71,118,-117,-169,66,79
6181,NP Margin,0.51,1.00,2.66,6.34,7.62,5.76,9.11,10.40,9.85,18.22,15.72
6181,ROE,0.80,1.96,2.88,5.84,7.87,5.01,6.67,8.18,5.90,11.31,15.32
6181,Revenue GR,-4.06,82.34,21.17,-1.44,31.40,25.58,0.63,39.29,5.51,-26.37,—
6181,Revenue GR 3Y avg,—,29.62,16.21,17.60,18.42,20.74,13.93,2.66,1.16,-6.59,—
6181,Revenue GR 5Y avg,—,29.15,14.67,17.92,19.53,6.46,7.73,3.68,-1.88,-9.33,—
6181,Revenue GR 10Y avg,—,17.96,9.04,7.56,4.11,7.57,—,—,—,—,—
6181,NP GR,—,-34.13,-10.19,4.23,6.74,0.97,-9.59,-10.54,17.05,110.63,—
6181,NP GR 3Y avg,—,-16.97,-12.70,7.97,0.40,-12.91,15.75,50.96,50.02,79.04,—
6181,NP GR 5Y avg,—,-1.97,14.80,27.27,34.07,31.03,—,—,—,—,—
6181,NP GR 10Y avg,0.0,0.0,0.0,0.0,0.0,0.0,0.0,0.0,0.0,0.0,0.0
6181,EPS GR,-66.41,-31.60,-49.08,-27.42,80.64,-18.76,-12.11,40.43,398.00,-91.37,—
6181,EPS GR 3Y avg,—,-36.77,-12.60,2.12,8.85,0.09,83.18,-15.51,12.27,-7.67,—
6181,EPS GR 5Y avg,—,-17.99,-13.77,5.62,55.25,-15.50,11.80,40.65,41.07,9.15,—
6181,EPS GR 10Y avg,—,-4.25,10.13,22.07,30.18,26.73,—,—,—,—,—
6181,OCF GR,—,—,—,—,—,—,—,—,—,-15.10,—
6181,FCF GR,—,—,—,—,—,—,—,—,—,-17.39,—
6181,D/E,0.09,0.08,0.14,0.12,0.13,0.32,0.48,0.49,0.25,0.27,0.10
6181,Price,0.5050,0.3700,0.5600,0.5000,1.3800,0.6450,0.8200,0.9850,0.8300,0.5300,0.5600
6203,Year End,TTM,2018-06,2017-06,2016-06,2015-06,2014-06,2013-06,2012-06,2011-06,2010-06,2009-06
6203,Revenue,140,140,143,157,143,116,96,89,82,72,60
6203,NP,4,4,4,5,4,4,4,4,4,4,2
6203,EPS,0.04,0.04,—,0.05,0.05,0.07,0.07,0.07,0.06,0.07,0.03
6203,DPS,0.01,0.01,0.01,—,—,—,—,—,0.02,0.01,—
6203,Div Payout,25.9,28.9,21.6,—,—,—,—,32.8,32.8,—,—
6203,Shares,—,104,103,93,76,64,60,60,60,60,60
6203,BVPS,0.30,1.55,1.53,1.48,1.51,1.51,1.53,1.46,1.27,—,—
6203,OCF,—,—,11,-2,-25,1,16,26,-9,6,6
6203,FCF,-2,-2,9,-14,-33,-17,7,3,-15,2,2
6203,NP Margin,2.88,2.88,2.54,3.13,2.85,3.82,4.21,4.49,4.45,6.22,2.88
6203,ROE,2.49,2.49,2.32,3.38,3.30,4.31,4.38,4.84,4.87,6.24,2.76
6203,Revenue GR,-19.26,-2.22,-8.99,10.02,23.41,20.70,8.18,7.78,—,—,—
6203,Revenue GR 3Y avg,—,-0.70,7.31,17.90,17.24,12.06,10.06,13.67,—,—,—
6203,Revenue GR 5Y avg,—,7.84,10.04,13.83,14.70,13.91,7.47,4.66,—,—,—
6203,Revenue GR 10Y avg,—,7.65,7.32,9.90,—,—,—,—,—,—,—
6203,NP GR,—,-0.43,-6.38,6.83,0.77,6.54,-3.41,31.90,—,—,—
6203,NP GR 3Y avg,—,-0.05,-1.83,6.09,-1.86,20.59,19.97,—,—,—,—
6203,NP GR 5Y avg,—,9.50,—,18.26,—,—,—,—,—,—,—
6203,NP GR 10Y avg,0.0,0.0,0.0,0.0,0.0,0.0,0.0,0.0,0.0,0.0,0.0
6203,EPS GR,-53.00,9.66,-33.08,-1.87,-22.43,2.98,1.21,8.87,—,—,—
6203,EPS GR 3Y avg,—,-10.37,-20.14,-7.80,-6.84,4.30,-3.43,31.89,—,—,—
6203,EPS GR 5Y avg,—,-10.47,-11.89,-2.89,-6.37,19.05,19.97,—,—,—,—
6203,EPS GR 10Y avg,—,3.64,—,13.14,—,—,—,—,—,—,—
6203,OCF GR,—,—,—,—,—,-92.54,-38.54,—,—,—,—
6203,FCF GR,—,—,—,—,—,—,159.89,—,—,—,—
6203,D/E,—,0.01,0.03,0.11,0.10,0.19,0.03,0.07,0.07,0.12,0.11
6203,Price,0.2700,0.2650,0.3800,0.5900,0.7350,0.7900,0.7500,0.6800,0.6150,0.4150,0.4000
6211,Year End,TTM,2020-12,2019-12,2018-12,2017-12,2016-12,2015-12,2014-12,2013-12,2012-12,2011-12
6211,Revenue,25,26,38,40,39,45,71,66,66,66,63
6211,NP,-4,-5,-2,-6,-9,-9,3,7,5,5,7
6211,EPS,-0.07,-0.08,-0.04,-0.10,-0.14,-0.14,0.04,0.12,0.08,0.08,0.10
6211,DPS,—,—,—,—,—,—,—,—,—,—,—
6211,Div Payout,—,—,—,—,—,—,—,—,—,—,—
6211,Shares,62,62,62,62,62,62,62,62,62,62,62
6211,BVPS,0.82,0.84,0.92,0.99,1.14,1.29,1.35,1.20,1.15,1.09,0.90
6211,OCF,2,—,3,1,4,4,12,10,9,7,7
6211,FCF,2,—,2,—,1,2,8,6,6,5,5
6211,NP Margin,-17.65,-20.45,-6.48,-15.40,-22.29,-19.97,3.80,11.06,8.28,8.37,10.31
6211,ROE,-8.23,-9.63,-4.24,-9.81,-12.37,-11.45,3.29,9.47,7.78,8.45,11.08
6211,Revenue GR,-9.83,-32.77,-4.44,2.72,-14.11,-36.29,7.67,-0.64,0.86,3.51,30.74
6211,Revenue GR 3Y avg,—,-12.94,-5.53,-17.47,-16.17,-11.99,2.57,1.23,10.93,8.67,2.04
6211,Revenue GR 5Y avg,—,-18.43,-10.37,-9.67,-10.00,-6.58,7.87,5.16,2.10,5.84,4.53
6211,Revenue GR 10Y avg,—,-6.20,-2.92,-3.97,-2.40,-1.18,—,—,—,—,—
6211,NP GR,—,—,—,—,—,—,-21.20,3.64,—,63.43,21.33
6211,NP GR 3Y avg,—,—,—,—,—,—,—,42.04,8.42,—,11.55
6211,NP GR 5Y avg,—,—,—,—,—,—,—,—,—,—,—
6211,NP GR 10Y avg,0.0,0.0,0.0,0.0,0.0,0.0,0.0,0.0,0.0,0.0,0.0
6211,EPS GR,-56.85,—,—,—,—,—,-60.91,25.00,-1.12,-15.24,—
6211,EPS GR 3Y avg,—,—,—,—,—,—,-21.53,1.56,—,64.48,21.18
6211,EPS GR 5Y avg,—,—,—,—,—,—,—,40.63,8.32,—,10.76
6211,EPS GR 10Y avg,—,—,—,—,—,—,—,—,—,—,—
6211,OCF GR,—,—,312.13,-82.90,-13.58,-63.30,15.70,12.12,21.16,0.49,24.78
6211,FCF GR,—,—,—,-91.12,-58.37,-75.55,33.98,3.25,14.71,2.03,88.73
6211,D/E,0.01,0.01,—,—,0.01,0.01,0.01,0.10,0.17,0.22,0.23
6211,Price,0.3200,0.2850,0.2300,0.2200,0.3500,0.4100,0.7200,0.5300,0.3600,0.3400,0.1900
6254,Year End,TTM,2020-12,2019-12,2018-12,2017-12,2016-12,2015-06,2014-06,2013-06,2012-06,2011-06
6254,Revenue,5,5,6,5,9,173,161,161,201,214,185
6254,NP,-17,-15,-10,-12,-9,-2,-60,—,-14,9,2
6254,EPS,-0.02,-0.02,-0.02,-0.02,-0.01,—,-0.22,—,-0.05,0.03,0.01
6254,DPS,—,—,—,—,—,—,—,—,—,—,—
6254,Div Payout,—,—,—,—,—,—,—,—,—,—,—
6254,Shares,"1,011",981,682,682,815,274,274,274,274,274,274
6254,BVPS,0.04,0.04,0.07,0.08,0.10,0.10,—,—,—,—,—
6254,OCF,-12,-7,-4,-6,-5,-9,4,-1,7,18,15
6254,FCF,-12,-7,-4,-8,-5,-9,—,-5,-8,14,2
6254,NP Margin,-345.87,-305.91,-180.86,-236.72,-104.87,-1.26,-37.21,-0.31,-6.89,4.25,1.28
6254,ROE,-39.30,-35.27,-21.41,-31.79,-36.93,-7.03,-97.26,-0.54,-13.97,8.97,2.48
6254,Revenue GR,-3.11,-12.66,15.14,-44.14,-94.83,4.84,0.05,-19.64,-6.35,15.90,—
6254,Revenue GR 3Y avg,—,-17.49,-67.85,-62.86,-56.15,-4.10,-9.02,-4.45,7.00,1.43,—
6254,Revenue GR 5Y avg,—,-46.71,-45.40,-48.85,-43.82,-1.17,-0.30,-4.72,-3.20,-1.42,—
6254,Revenue GR 10Y avg,—,-28.21,-28.83,-30.70,-26.57,-1.20,—,—,—,—,—
6254,NP GR,—,—,—,—,—,—,—,—,—,—,—
6254,NP GR 3Y avg,—,—,—,—,—,—,—,—,—,6.98,—
6254,NP GR 5Y avg,—,—,—,—,—,—,—,—,—,—,—
6254,NP GR 10Y avg,0.0,0.0,0.0,0.0,0.0,0.0,0.0,0.0,0.0,0.0,0.0
6254,EPS GR,—,—,—,—,—,—,—,—,—,288.89,—
6254,EPS GR 3Y avg,—,—,—,—,—,—,—,—,—,—,—
6254,EPS GR 5Y avg,—,—,—,—,—,—,—,—,—,4.44,—
6254,EPS GR 10Y avg,—,—,—,—,—,—,—,—,—,—,—
6254,OCF GR,—,—,—,—,—,—,—,—,-64.23,25.06,—
6254,FCF GR,—,—,—,—,—,—,—,—,—,474.64,—
6254,D/E,—,—,—,—,—,—,0.09,0.05,0.06,0.06,0.08
6254,Price,0.0450,0.0900,0.0300,0.0300,0.1350,0.0700,0.0600,0.0700,0.1050,0.1500,0.0750
6297,Year End,TTM,2020-12,2019-12,2018-12,2017-12,2016-12,2015-12,2014-12,2013-12,2012-12,2011-12
6297,Revenue,686,651,647,627,553,501,452,353,300,264,249
6297,NP,16,12,-11,-15,-15,-1,10,8,12,19,16
6297,EPS,0.13,0.10,-0.09,-0.12,-0.15,-0.01,0.14,0.13,0.19,0.31,0.25
6297,DPS,—,—,—,—,—,—,—,0.07,0.10,0.07,0.07
6297,Div Payout,—,—,—,—,—,—,—,55.1,41.2,22.2,40.6
6297,Shares,120,120,120,120,105,67,69,62,62,62,62
6297,BVPS,2.11,2.02,1.97,2.15,2.27,2.90,2.89,2.30,2.27,2.12,1.73
6297,OCF,—,—,—,—,—,—,—,—,—,—,—
6297,FCF,-8,32,34,-109,-111,-78,-4,-11,-35,-1,13
6297,NP Margin,2.33,1.84,-1.62,-2.37,-2.78,-0.17,2.16,2.23,3.98,7.16,6.24
6297,ROE,6.48,4.97,-4.32,-5.78,-6.88,-0.47,5.96,5.39,8.76,15.29,13.88
6297,Revenue GR,24.06,0.52,3.20,13.50,10.39,10.84,28.04,17.55,13.54,6.29,27.20
6297,Revenue GR 3Y avg,—,5.60,8.95,11.57,16.14,18.60,19.56,12.36,15.36,18.67,16.19
6297,Revenue GR 5Y avg,—,7.58,12.91,15.89,15.90,15.02,18.23,17.40,13.61,17.24,20.28
6297,Revenue GR 10Y avg,—,12.78,15.13,14.75,16.57,17.62,—,—,—,—,—
6297,NP GR,—,—,—,—,—,—,-19.81,-20.30,4.87,15.06,33.53
6297,NP GR 3Y avg,—,4.14,—,—,—,—,-1.17,-8.76,12.87,34.22,52.04
6297,NP GR 5Y avg,—,1.45,—,—,—,—,—,—,—,—,—
6297,NP GR 10Y avg,0.0,0.0,0.0,0.0,0.0,0.0,0.0,0.0,0.0,0.0,0.0
6297,EPS GR,—,—,—,—,—,—,24.24,-34.21,-36.91,21.94,49.88
6297,EPS GR 3Y avg,—,—,—,—,—,—,-19.81,-20.30,4.86,15.05,33.54
6297,EPS GR 5Y avg,—,-8.84,—,—,—,—,-1.18,-8.76,12.87,34.23,52.05
6297,EPS GR 10Y avg,—,-5.08,—,—,—,—,—,—,—,—,—
6297,OCF GR,—,-17.09,—,—,—,—,231.38,-49.69,85.92,-57.70,81.44
6297,FCF GR,—,-7.01,—,—,—,—,—,—,—,—,—
6297,D/E,0.25,0.26,0.37,0.43,0.17,0.33,0.16,0.26,0.33,0.14,0.09
6297,Price,1.3500,1.3400,1.1600,1.0000,1.2500,2.1000,2.8400,2.1000,2.2500,2.1200,2.3300
6378,Year End,TTM,2020-12,2019-12,2018-12,2017-12,2016-03,2015-03,2014-03,2013-03,2012-03,2011-03
6378,Revenue,62,57,57,25,21,34,53,83,96,106,131
6378,NP,-3,-6,-16,-22,-22,-16,-13,4,-13,-36,-54
6378,EPS,-0.02,-0.02,-0.03,-0.03,-0.07,-0.12,-0.09,0.03,-0.10,-0.26,-0.38
6378,DPS,—,—,—,—,—,—,—,—,—,0.02,0.04
6378,Div Payout,—,—,—,—,—,—,—,—,—,—,—
6378,Shares,"1,164","1,160","1,159","1,119",595,140,140,140,140,140,142
6378,BVPS,-0.21,-0.21,-0.21,-0.34,0.11,—,—,—,—,—,—
6378,OCF,-19,-23,-34,-24,-13,-9,-6,-4,4,3,19
6378,FCF,-19,-23,-35,-24,-14,-9,-6,-4,4,3,18
6378,NP Margin,-4.88,-10.79,-28.87,-86.00,-103.45,-48.25,-24.20,4.44,-13.99,-34.37,-40.86
6378,ROE,—,—,—,—,—,-22.97,-15.16,4.12,-14.23,-30.25,-31.51
6378,Revenue GR,48.04,-0.14,126.40,20.06,-23.46,-37.01,-35.99,-13.43,-9.30,-19.09,—
6378,Revenue GR 3Y avg,—,39.50,15.20,-18.06,-30.69,-29.59,-20.49,-14.03,-9.64,-5.98,—
6378,Revenue GR 5Y avg,—,1.18,-6.34,-20.75,-24.51,-23.84,-16.38,-8.18,-3.48,-8.05,—
6378,Revenue GR 10Y avg,—,-7.39,-7.20,-13.14,-17.26,-11.92,—,—,—,—,—
6378,NP GR,—,—,—,—,—,—,—,—,—,—,—
6378,NP GR 3Y avg,—,—,—,—,—,—,—,-17.85,—,—,—
6378,NP GR 5Y avg,—,—,—,—,—,—,—,—,—,—,—
6378,NP GR 10Y avg,0.0,0.0,0.0,0.0,0.0,0.0,0.0,0.0,0.0,0.0,0.0
6378,EPS GR,-43.18,—,—,—,—,—,—,—,—,—,—
6378,EPS GR 3Y avg,—,—,—,—,—,—,—,—,—,57.13,—
6378,EPS GR 5Y avg,—,—,—,—,—,—,—,-16.95,—,10.98,—
6378,EPS GR 10Y avg,—,—,—,—,—,—,—,—,—,—,—
6378,OCF GR,—,—,—,—,—,—,—,—,19.41,-83.42,—
6378,FCF GR,—,—,—,—,—,—,—,—,25.25,-83.30,—
6378,D/E,—,—,—,—,—,—,—,—,0.18,0.25,0.30
6378,Price,0.1450,0.1350,0.1200,0.1200,0.2200,0.3700,0.3600,0.3650,0.3250,0.3450,0.2300
6548,Year End,TTM,2020-06,2019-06,2018-06,2017-06,2016-06,2015-06,2014-06,2013-06,2012-06,2011-06
6548,Revenue,12,7,15,15,10,16,13,17,14,15,16
6548,NP,-4,4,-81,-2,-10,-84,-16,-31,37,-14,-19
6548,EPS,-0.02,0.01,-0.28,-0.01,-0.03,-0.29,-0.06,-0.11,0.13,-0.05,-0.07
6548,DPS,—,—,—,—,—,—,—,—,—,—,—
6548,Div Payout,—,—,—,—,—,—,—,—,—,—,—
6548,Shares,—,288,288,288,288,288,288,288,288,288,288
6548,BVPS,0.20,0.22,—,0.43,0.47,0.77,0.85,0.93,0.80,1.17,1.20
6548,OCF,-190,-53,21,-9,-18,-6,-3,-8,-8,-4,-12
6548,FCF,-190,-53,21,-9,-18,-6,-3,-9,-8,-4,-12
6548,NP Margin,-35.66,54.12,-554.12,-13.35,-103.03,-515.97,-127.06,-182.01,254.45,-95.41,-117.78
6548,ROE,-7.22,6.37,-84.71,-1.45,-7.21,-44.12,-6.62,-11.73,13.93,-4.72,-5.37
6548,Revenue GR,-289.46,-54.43,-1.80,48.20,-38.45,29.83,-26.46,18.90,-1.34,-9.71,—
6548,Revenue GR 3Y avg,—,-12.79,-3.60,5.80,-16.24,4.31,-4.81,1.94,14.19,10.39,—
6548,Revenue GR 5Y avg,—,-11.93,-3.08,0.70,-7.17,0.22,5.42,9.55,2.97,6.63,—
6548,Revenue GR 10Y avg,—,-3.64,3.04,1.83,-0.51,-0.98,—,—,—,—,—
6548,NP GR,—,—,—,—,—,—,—,—,-6.77,—,—
6548,NP GR 3Y avg,—,—,—,—,—,—,—,—,-8.41,—,—
6548,NP GR 5Y avg,—,-22.33,—,—,—,—,—,—,—,—,—
6548,NP GR 10Y avg,0.0,0.0,0.0,0.0,0.0,0.0,0.0,0.0,0.0,0.0,0.0
6548,EPS GR,-79.31,—,—,—,—,—,—,—,—,—,—
6548,EPS GR 3Y avg,—,—,—,—,—,—,—,—,-18.41,—,—
6548,EPS GR 5Y avg,—,—,—,—,—,—,—,—,-17.30,—,—
6548,EPS GR 10Y avg,—,-25.41,—,—,—,—,—,—,—,—,—
6548,OCF GR,—,—,—,—,—,—,—,—,—,—,—
6548,FCF GR,—,—,—,—,—,—,—,—,—,—,—
6548,D/E,0.01,0.01,0.01,—,—,—,—,—,—,—,—
6548,Price,0.1750,0.0850,0.0450,0.0450,0.1250,0.1400,0.1850,0.4800,0.3200,0.3100,0.4000
6556,Year End,TTM,2020-12,2019-12,2018-12,2017-12,2016-12,2015-12,2014-12,2013-12,2012-12,2011-12
6556,Revenue,"2,022","1,891","2,221","2,322","2,195","1,870","1,761","2,292","2,155","2,080","2,237"
6556,NP,4,-100,-90,150,205,167,-135,23,12,-19,62
6556,EPS,-0.01,-0.19,-0.17,0.25,0.34,0.33,-0.27,0.05,0.02,-0.04,0.10
6556,DPS,—,—,0.06,0.19,0.15,—,0.01,0.02,—,0.04,0.10
6556,Div Payout,—,—,—,66.9,45.2,—,—,24.0,—,—,51.0
6556,Shares,649,628,627,620,616,511,501,501,501,501,763
6556,BVPS,2.18,2.04,2.19,2.39,2.32,2.09,1.95,2.14,2.07,2.07,2.03
6556,OCF,91,92,71,-59,193,340,136,471,-116,-65,106
6556,FCF,82,84,40,-100,160,319,125,456,-135,-124,-2
6556,NP Margin,0.21,-5.29,-4.05,6.44,9.36,8.92,-7.69,1.02,0.57,-0.94,2.74
6556,ROE,0.36,-8.68,-7.12,11.75,17.95,16.75,-13.62,2.21,1.18,-1.85,5.74
6556,Revenue GR,29.40,-14.87,-4.34,5.78,17.39,6.20,-23.17,6.34,3.61,-7.02,22.13
6556,Revenue GR 3Y avg,—,-4.85,5.91,9.66,-1.43,-4.62,-5.40,0.81,5.57,16.88,0.23
6556,Revenue GR 5Y avg,—,1.44,-0.62,1.50,1.08,-3.52,-0.79,11.96,-0.61,1.32,8.97
6556,Revenue GR 10Y avg,—,0.32,5.48,0.44,1.20,2.53,12.03,—,—,—,—
6556,NP GR,—,—,—,—,106.31,138.66,—,-27.82,-53.31,—,-25.23
6556,NP GR 3Y avg,—,—,—,64.89,—,21.81,—,-5.37,-39.29,—,-13.27
6556,NP GR 5Y avg,—,—,—,0.05,-0.65,2.78,—,—,—,—,—
6556,NP GR 10Y avg,0.0,0.0,0.0,0.0,0.0,0.0,0.0,0.0,0.0,0.0,0.0
6556,EPS GR,-309.19,—,—,-27.61,3.99,—,—,90.61,—,—,-43.51
6556,EPS GR 3Y avg,—,—,—,—,93.62,136.96,—,-22.31,-48.20,—,-21.26
6556,EPS GR 5Y avg,—,—,—,58.54,—,26.76,—,-2.93,-34.55,—,-21.86
6556,EPS GR 10Y avg,—,—,—,1.86,-1.12,-0.48,—,—,—,—,—
6556,OCF GR,—,30.22,—,—,-43.19,150.95,-71.22,—,—,—,—
6556,FCF GR,—,111.54,—,—,-49.75,155.51,-72.63,—,—,—,—
6556,D/E,0.01,0.01,0.01,—,—,—,—,0.21,0.29,0.39,0.46
6556,Price,2.0100,1.5700,1.2200,1.2500,3.8600,2.1700,0.6700,1.0700,1.0500,1.3200,1.7200
6602,Year End,TTM,2020-06,2019-06,2018-06,2017-06,2016-06,2015-06,2014-06,2013-06,2012-06,2011-06
6602,Revenue,206,254,425,305,222,301,399,282,165,124,119
6602,NP,8,17,39,28,10,26,34,31,16,8,6
6602,EPS,0.02,0.04,0.10,0.02,0.02,0.06,0.08,0.08,0.03,0.02,1.49
6602,DPS,—,—,—,—,—,—,0.01,—,—,—,—
6602,Div Payout,—,—,—,—,—,—,16.3,—,—,—,—
6602,Shares,—,400,400,400,400,400,400,400,400,400,402
6602,BVPS,1.23,1.21,1.23,1.15,1.13,1.08,1.02,0.93,0.86,0.82,—
6602,OCF,55,99,45,32,12,-3,-8,38,-3,-84,-46
6602,FCF,45,96,44,31,11,-4,-11,35,-8,-85,-47
6602,NP Margin,3.74,6.81,9.17,9.13,4.41,8.53,8.51,10.89,9.60,6.45,5.05
6602,ROE,1.59,3.67,8.32,6.03,2.21,6.04,8.52,8.31,4.56,2.39,1.83
6602,Revenue GR,104.44,-40.30,39.47,37.30,-26.20,-24.50,41.42,71.31,32.84,4.50,—
6602,Revenue GR 3Y avg,—,4.56,12.22,-8.55,-7.64,22.30,47.64,33.48,21.80,10.00,—
6602,Revenue GR 5Y avg,—,-8.63,8.57,13.13,12.39,20.49,34.36,24.81,8.75,0.62,—
6602,Revenue GR 10Y avg,—,10.80,16.41,10.92,6.34,9.37,—,—,—,—,—
6602,NP GR,—,20.89,14.96,-6.38,-31.66,17.57,61.91,72.30,94.55,30.38,—
6602,NP GR 3Y avg,—,-12.59,4.91,11.99,4.16,33.75,73.68,53.46,36.98,19.57,—
6602,NP GR 5Y avg,—,23.21,26.89,23.85,11.60,12.51,—,—,—,—,—
6602,NP GR 10Y avg,0.0,0.0,0.0,0.0,0.0,0.0,0.0,0.0,0.0,0.0,0.0
6602,EPS GR,-131.25,-55.64,40.43,183.67,-61.78,-24.32,10.72,93.92,105.47,-98.71,—
6602,EPS GR 3Y avg,—,20.90,15.04,-6.38,-31.58,17.56,64.01,-62.83,-57.80,-72.21,—
6602,EPS GR 5Y avg,—,-12.56,4.99,11.99,5.00,-46.70,-30.57,-38.85,-45.36,-52.69,—
6602,EPS GR 10Y avg,—,-22.08,-19.88,-21.77,-29.52,-28.93,—,—,—,—,—
6602,OCF GR,—,122.89,40.84,159.84,—,—,—,—,—,—,—
6602,FCF GR,—,114.98,41.64,180.82,—,—,—,—,—,—,—
6602,D/E,0.37,0.39,0.51,0.49,0.59,0.71,0.50,0.40,0.46,0.47,0.32
6602,Price,0.2900,0.3300,0.2350,0.3750,0.4500,0.4550,1.0200,1.0000,0.7250,0.4100,0.5200
6637,Year End,TTM,2020-03,2019-03,2016-09,2015-09,2014-09,2013-09,2012-09,2011-09,2010-09,2009-09
6637,Revenue,69,65,88,95,75,57,62,72,77,68,58
6637,NP,-5,-8,-5,3,-2,-4,-3,2,—,—,-8
6637,EPS,-0.02,-0.03,-0.02,0.01,-0.01,-0.01,-0.01,0.01,—,—,-0.03
6637,DPS,—,—,—,—,—,—,—,—,—,—,—
6637,Div Payout,—,—,—,—,—,—,—,—,—,—,—
6637,Shares,354,263,263,215,263,263,263,263,263,263,263
6637,BVPS,0.16,0.22,0.26,—,—,—,—,—,—,—,—
6637,OCF,-29,-14,3,1,-7,-2,—,7,5,-3,—
6637,FCF,-31,-15,—,-2,-9,-5,-1,7,4,-6,—
6637,NP Margin,-7.03,-12.49,-6.12,3.37,-2.96,-6.37,-4.03,2.32,0.33,0.02,-14.01
6637,ROE,-7.64,-13.44,-8.35,4.77,-3.56,-6.03,-4.26,3.00,0.47,0.03,-13.09
6637,Revenue GR,11.94,-26.41,-2.74,26.04,32.19,-8.86,-13.43,-6.89,13.13,—,—
6637,Revenue GR 3Y avg,—,-3.16,10.30,14.94,1.41,-9.77,-3.03,7.29,-11.03,—,—
6637,Revenue GR 5Y avg,—,0.64,3.19,4.13,1.90,-0.51,-10.71,-8.98,-2.99,—,—
6637,Revenue GR 10Y avg,—,-4.46,-2.29,0.51,—,—,—,—,—,—,—
6637,NP GR,—,—,—,—,—,—,—,—,179.93,—,—
6637,NP GR 3Y avg,—,—,—,65.27,—,—,—,-14.25,—,—,—
6637,NP GR 5Y avg,—,—,—,—,—,—,—,—,—,—,—
6637,NP GR 10Y avg,0.0,0.0,0.0,0.0,0.0,0.0,0.0,0.0,0.0,0.0,0.0
6637,EPS GR,30.77,—,—,—,—,—,—,669.23,—,—,—
6637,EPS GR 3Y avg,—,—,—,—,—,—,—,—,169.16,—,—
6637,EPS GR 5Y avg,—,—,—,72.29,—,—,—,-11.42,—,—,—
6637,EPS GR 10Y avg,—,—,—,—,—,—,—,—,—,—,—
6637,OCF GR,—,—,65.43,—,—,—,-97.25,42.43,—,—,—
6637,FCF GR,—,—,—,—,—,—,—,57.59,—,—,—
6637,D/E,0.17,0.09,0.03,—,—,—,—,—,—,—,—
6637,Price,0.2150,0.2150,0.4300,0.5200,0.5200,0.5150,0.5050,1.0500,1.0300,0.2900,0.2900
