code,detail,TTM,Y1,Y2,Y3,Y4,Y5,Y6,Y7,Y8,Y9,Y10
9318,Year End,TTM,2020-12,2019-12,2018-12,2017-12,2016-12,2015-12,2014-12,2013-12,2012-12,2011-12
9318,Revenue,222,216,263,351,303,366,382,347,473,411,446
9318,NP,-11,-13,5,16,—,-4,9,30,39,28,22
9318,EPS,-0.02,-0.03,0.01,0.03,—,-0.01,0.02,0.06,0.13,—,0.08
9318,DPS,—,—,—,—,—,0.01,0.01,0.04,—,—,—
9318,Div Payout,—,—,—,—,—,66.7,26.6,—,—,—,—
9318,Shares,468,462,468,475,492,508,512,482,311,239,282
9318,BVPS,0.76,0.78,0.78,0.73,0.72,0.73,0.72,0.61,0.81,0.70,0.56
9318,OCF,14,24,26,-3,2,23,-40,—,2,12,-16
9318,FCF,13,23,25,-7,-8,11,-59,-49,-17,4,-22
9318,NP Margin,-4.87,-6.06,1.78,4.46,-0.14,-1.17,2.43,8.67,8.30,6.79,4.97
9318,ROE,-3.02,-3.56,1.26,4.40,-0.12,-1.19,2.57,9.45,15.54,14.61,15.07
9318,Revenue GR,11.18,-17.98,-25.01,15.60,-17.12,-4.29,10.14,-26.50,14.99,-7.97,135.30
9318,Revenue GR 3Y avg,—,-10.75,-10.44,-2.85,-4.40,-8.15,-2.36,-8.03,35.54,48.20,39.69
9318,Revenue GR 5Y avg,—,-10.82,-5.41,-5.79,-5.89,-3.89,15.05,22.44,23.60,22.92,28.30
9318,Revenue GR 10Y avg,—,1.29,7.62,7.91,7.56,11.04,—,—,—,—,—
9318,NP GR,—,—,—,19.06,—,—,-30.71,10.69,43.90,51.52,0.86
9318,NP GR 3Y avg,—,—,-31.06,-16.78,—,—,-6.75,30.29,12.64,38.21,13.03
9318,NP GR 5Y avg,—,—,-5.23,-3.18,—,—,—,—,—,—,—
9318,NP GR 10Y avg,0.0,0.0,0.0,0.0,0.0,0.0,0.0,0.0,0.0,0.0,0.0
9318,EPS GR,-36.43,—,-71.59,—,—,—,-71.02,—,—,—,34.33
9318,EPS GR 3Y avg,—,—,—,22.18,—,—,—,-7.48,—,—,-6.44
9318,EPS GR 5Y avg,—,—,-31.56,—,—,—,-20.97,9.59,—,—,7.18
9318,EPS GR 10Y avg,—,—,-13.40,-10.15,—,—,—,—,—,—,—
9318,OCF GR,—,-8.97,—,—,-90.57,—,—,—,-85.12,—,—
9318,FCF GR,—,-6.39,—,—,—,—,—,—,—,—,—
9318,D/E,0.04,0.04,0.07,0.12,0.19,0.24,0.30,0.20,0.20,—,0.07
9318,Price,0.2300,0.2550,0.3700,0.4000,0.4050,0.4050,0.4850,0.6200,0.7700,0.6100,0.8500
9342,Year End,TTM,2019-07,2017-03,2016-03,2015-03,2013-12,2012-12,2011-12,2010-12,2009-12,2008-12
9342,Revenue,17,6,12,6,7,17,24,12,6,9,7
9342,NP,-2,-3,-5,-11,-9,-4,—,-2,-3,12,-4
9342,EPS,—,—,-0.01,-0.03,-0.03,-0.01,—,-0.01,-0.01,0.27,-0.15
9342,DPS,—,—,—,—,—,—,—,—,—,—,—
9342,Div Payout,—,—,—,—,—,—,—,—,—,—,—
9342,Shares,881,881,340,316,309,249,204,203,197,45,27
9342,BVPS,0.13,—,—,—,—,—,—,—,—,—,—
9342,OCF,-2,1,—,-3,-4,-10,-7,-1,-6,-12,—
9342,FCF,-2,1,—,-4,-5,-10,-7,-4,-9,-12,—
9342,NP Margin,-12.38,-55.63,-39.72,-177.54,-130.92,-21.92,0.69,-13.83,-42.07,131.72,-55.43
9342,ROE,-1.49,-2.39,-11.04,-23.94,-18.88,-8.20,0.47,-5.75,-11.25,—,—
9342,Revenue GR,1.76,-24.26,94.62,-13.20,-50.60,-30.32,109.58,80.69,—,—,—
9342,Revenue GR 3Y avg,—,-2.83,-10.34,-34.64,-14.27,38.19,38.14,17.96,—,—,—
9342,Revenue GR 5Y avg,—,-18.72,0.46,-0.95,-5.03,19.11,21.67,-3.62,—,—,—
9342,Revenue GR 10Y avg,—,-3.26,-1.55,—,—,—,—,—,—,—,—
9342,NP GR,—,—,—,—,—,—,-76.06,—,—,—,—
9342,NP GR 3Y avg,—,—,—,—,—,—,—,—,—,—,—
9342,NP GR 5Y avg,—,—,—,—,—,—,—,—,—,—,—
9342,NP GR 10Y avg,0.0,0.0,0.0,0.0,0.0,0.0,0.0,0.0,0.0,0.0,0.0
9342,EPS GR,50.00,—,—,—,—,—,—,—,—,—,—
9342,EPS GR 3Y avg,—,—,—,—,—,—,-86.35,—,—,—,—
9342,EPS GR 5Y avg,—,—,—,—,—,—,—,—,—,—,—
9342,EPS GR 10Y avg,—,—,—,—,—,—,—,—,—,—,—
9342,OCF GR,—,—,—,—,—,—,—,—,—,—,—
9342,FCF GR,—,—,—,—,—,—,—,—,—,—,—
9342,D/E,—,—,0.03,0.03,—,—,—,—,—,—,—
9342,Price,0.0550,0.0900,0.0300,0.0350,0.0500,0.1050,0.5200,0.2800,0.1950,0.2200,0.2900
9377,Year End,TTM,2020-12,2018-06,2017-06,2016-06,2015-06,2013-12,2012-12,2011-12,2010-12,2009-12
9377,Revenue,—,—,1,2,5,6,3,8,6,10,30
9377,NP,—,-1,-1,-3,-5,-10,-11,-10,-18,-25,-13
9377,EPS,—,—,—,-0.02,-0.04,-0.08,-0.09,-0.10,-0.33,-0.46,-0.24
9377,DPS,—,—,—,—,—,—,—,—,—,—,—
9377,Div Payout,—,—,—,—,—,—,—,—,—,—,—
9377,Shares,140,140,140,140,127,128,119,94,54,54,54
9377,BVPS,0.03,0.03,—,—,—,—,0.22,0.26,0.72,0.70,—
9377,OCF,—,—,—,-3,-2,-1,-6,-10,-16,-3,—
9377,FCF,—,—,—,-3,-2,-1,-6,-10,-16,-3,—
9377,NP Margin,-322.66,-532.81,-54.05,-134.29,-103.19,-160.88,-323.19,-122.65,-296.06,-238.68,-43.96
9377,ROE,-8.81,-14.03,-11.08,-51.96,-55.73,-69.17,-45.16,-37.57,-59.55,-48.88,-18.66
9377,Revenue GR,—,-59.84,-47.83,-47.87,-23.56,45.89,-55.81,31.27,-42.93,—,—
9377,Revenue GR 3Y avg,—,-54.90,-40.76,-9.65,-13.82,0.58,-30.82,-35.87,-51.44,—,—
9377,Revenue GR 5Y avg,—,-37.50,-28.21,-15.09,-13.68,-25.03,-41.86,-28.83,-43.34,—,—
9377,Revenue GR 10Y avg,—,-35.58,-28.50,-29.96,—,—,—,—,—,—,—
9377,NP GR,—,—,—,—,—,—,—,—,—,—,—
9377,NP GR 3Y avg,—,—,—,—,—,—,—,—,—,—,—
9377,NP GR 5Y avg,—,—,—,—,—,—,—,—,—,—,—
9377,NP GR 10Y avg,0.0,0.0,0.0,0.0,0.0,0.0,0.0,0.0,0.0,0.0,0.0
9377,EPS GR,-86.36,—,—,—,—,—,—,—,—,—,—
9377,EPS GR 3Y avg,—,—,—,—,—,—,—,—,—,—,—
9377,EPS GR 5Y avg,—,—,—,—,—,—,—,—,—,—,—
9377,EPS GR 10Y avg,—,—,—,—,—,—,—,—,—,—,—
9377,OCF GR,—,—,—,—,—,—,—,—,—,—,—
9377,FCF GR,—,—,—,—,—,—,—,—,—,—,—
9377,D/E,—,—,—,—,—,—,—,—,—,—,0.12
9377,Price,0.1300,0.1000,0.0950,0.0950,0.1850,0.2200,0.2100,0.3000,0.2400,0.2600,0.2700
9393,Year End,TTM,2020-12,2019-12,2018-12,2017-12,2016-12,2015-12,2014-12,2013-12,2012-12,2011-12
9393,Revenue,18,17,15,38,75,30,24,16,43,51,59
9393,NP,1,—,-2,-3,-6,-13,-12,-18,-4,-2,3
9393,EPS,—,—,-0.02,-0.03,-0.06,-0.12,-0.12,-0.17,-0.04,-0.02,0.03
9393,DPS,—,—,—,—,—,—,—,—,—,—,—
9393,Div Payout,—,—,—,—,—,—,—,—,—,—,—
9393,Shares,140,133,119,103,103,103,109,103,95,94,94
9393,BVPS,0.03,0.07,0.10,0.15,0.17,0.25,0.37,0.49,0.44,0.53,0.51
9393,OCF,1,3,-2,—,—,-2,—,-26,-9,-4,12
9393,FCF,1,2,-3,—,-4,-3,-5,-26,-13,-4,12
9393,NP Margin,2.74,-2.46,-14.46,-7.08,-8.24,-43.44,-52.07,-108.96,-10.15,-4.43,5.71
9393,ROE,4.30,-3.47,-15.32,-17.74,-30.46,-44.09,-31.81,-33.59,-7.79,-4.42,6.77
9393,Revenue GR,27.42,13.10,-59.75,-49.17,155.19,24.91,45.24,-61.99,-15.54,-14.63,11.37
9393,Revenue GR 3Y avg,—,-38.61,-19.48,17.45,66.67,-11.65,-22.45,-35.04,-7.05,-3.30,-3.51
9393,Revenue GR 5Y avg,—,-5.90,-1.08,-2.20,8.25,-13.04,-15.01,-21.92,-8.32,-11.73,-5.88
9393,Revenue GR 10Y avg,—,-10.58,-12.11,-5.31,-2.25,-9.53,—,—,—,—,—
9393,NP GR,—,—,—,—,—,—,—,—,—,—,—
9393,NP GR 3Y avg,—,—,—,—,—,—,—,—,—,—,12.57
9393,NP GR 5Y avg,—,—,—,—,—,—,—,—,—,—,—
9393,NP GR 10Y avg,0.0,0.0,0.0,0.0,0.0,0.0,0.0,0.0,0.0,0.0,0.0
9393,EPS GR,-52.24,—,—,—,—,—,—,—,—,—,—
9393,EPS GR 3Y avg,—,—,—,—,—,—,—,—,—,—,—
9393,EPS GR 5Y avg,—,—,—,—,—,—,—,—,—,—,11.60
9393,EPS GR 10Y avg,—,—,—,—,—,—,—,—,—,—,—
9393,OCF GR,—,—,—,—,—,—,—,—,—,—,—
9393,FCF GR,—,—,—,—,—,—,—,—,—,—,—
9393,D/E,0.01,0.01,—,—,—,—,—,0.01,—,—,0.01
9393,Price,0.4100,0.1800,0.1000,0.0850,0.1450,0.1200,0.1300,0.1800,0.6350,0.3000,0.3500
9407,Year End,TTM,2020-12,2019-12,2018-12,2017-12,2016-12,2015-12,2014-12,2013-12,2012-12,2011-12
9407,Revenue,41,39,56,51,54,67,67,49,53,48,51
9407,NP,-6,-6,3,-1,-1,4,1,-21,-1,-1,—
9407,EPS,-0.09,-0.09,0.04,-0.01,-0.01,0.06,0.01,-0.32,—,-0.01,—
9407,DPS,—,—,—,—,—,—,—,—,—,—,—
9407,Div Payout,—,—,—,—,—,—,—,—,—,—,—
9407,Shares,66,65,65,65,65,65,65,65,65,65,65
9407,BVPS,0.51,0.54,0.59,0.59,0.63,0.66,0.57,0.89,0.89,0.90,0.84
9407,OCF,1,—,-2,-2,5,5,4,1,—,3,4
9407,FCF,-1,-1,-4,-3,3,4,4,—,-1,1,3
9407,NP Margin,-13.98,-14.54,4.99,-1.80,-1.43,5.59,1.32,-41.94,-1.11,-1.14,-0.40
9407,ROE,-15.38,-14.39,6.84,-2.30,-1.87,9.53,2.39,-43.99,-1.01,-0.94,-0.35
9407,Revenue GR,22.75,-30.04,9.58,-4.19,-20.34,0.19,36.02,-6.14,9.01,-6.10,-11.22
9407,Revenue GR 3Y avg,—,-9.77,-5.78,-8.56,2.77,8.55,11.65,-1.32,-3.14,-2.76,-16.67
9407,Revenue GR 5Y avg,—,-10.13,2.65,-0.48,2.12,5.54,3.02,-1.21,-9.94,-18.32,-9.82
9407,Revenue GR 10Y avg,—,-3.78,0.70,-5.33,-8.67,-2.44,—,—,—,—,—
9407,NP GR,—,—,-9.32,—,—,—,—,—,—,—,—
9407,NP GR 3Y avg,—,—,—,—,—,—,-22.49,—,—,—,—
9407,NP GR 5Y avg,—,—,—,—,—,13.68,—,—,—,—,—
9407,NP GR 10Y avg,0.0,0.0,0.0,0.0,0.0,0.0,0.0,0.0,0.0,0.0,0.0
9407,EPS GR,-4.51,—,—,—,—,325.55,—,—,—,—,—
9407,EPS GR 3Y avg,—,—,-9.30,—,—,—,—,—,—,—,—
9407,EPS GR 5Y avg,—,—,—,—,—,—,-22.53,—,—,—,—
9407,EPS GR 10Y avg,—,—,—,—,—,13.87,—,—,—,—,—
9407,OCF GR,—,—,—,—,6.81,18.13,328.44,105.49,-84.18,-24.65,-29.36
9407,FCF GR,—,—,—,—,-25.49,3.74,—,—,—,-79.69,-51.05
9407,D/E,0.36,0.34,0.28,0.07,0.09,0.02,0.05,0.07,0.05,0.05,0.08
9407,Price,1.9500,0.6700,0.2300,0.2400,0.4000,0.4050,0.3350,0.2450,0.2200,0.2100,0.2400
9431,Year End,TTM,2020-12,2019-12,2018-12,2017-12,2016-12,2015-12,2014-12,2013-12,2012-12,2011-12
9431,Revenue,7,9,15,18,18,18,21,21,27,26,26
9431,NP,-6,-5,—,-1,—,1,1,1,3,4,2
9431,EPS,-0.16,-0.13,-0.01,-0.02,—,0.01,0.03,0.03,0.08,0.08,0.04
9431,DPS,—,—,—,—,0.01,0.01,0.01,0.02,0.05,0.05,0.05
9431,Div Payout,—,—,—,—,—,27.6,61.7,26.3,—,56.1,129.9
9431,Shares,41,41,41,41,41,41,41,41,41,41,41
9431,BVPS,1.13,1.25,1.31,—,1.33,1.35,1.33,1.32,1.27,1.27,1.21
9431,OCF,5,6,9,2,-4,4,1,5,—,3,6
9431,FCF,4,5,7,-1,-5,-2,-4,2,-3,3,5
9431,NP Margin,-91.23,-59.53,-3.31,-4.19,-0.43,3.32,6.37,6.65,11.64,13.70,6.36
9431,ROE,-13.22,-10.49,-0.91,-1.37,-0.14,1.09,2.44,2.61,6.03,7.18,3.37
9431,Revenue GR,-56.13,-39.39,-17.15,-2.83,0.68,-13.01,-1.05,-22.81,2.56,1.37,11.17
9431,Revenue GR 3Y avg,—,-21.27,-6.76,-5.23,-4.66,-12.74,-7.82,-7.07,4.94,9.20,1.91
9431,Revenue GR 5Y avg,—,-15.64,-6.95,-8.25,-7.26,-7.13,-2.46,0.61,1.93,-0.57,0.78
9431,Revenue GR 10Y avg,—,-9.29,-3.24,-3.30,-3.97,-3.26,—,—,—,—,—
9431,NP GR,—,—,—,—,—,-42.57,-28.57,-5.71,26.35,108.91,40.75
9431,NP GR 3Y avg,—,—,—,—,—,-18.48,-3.34,28.49,39.59,-6.22,-1.50
9431,NP GR 5Y avg,—,—,—,—,—,-10.39,—,—,—,—,—
9431,NP GR 10Y avg,0.0,0.0,0.0,0.0,0.0,0.0,0.0,0.0,0.0,0.0,0.0
9431,EPS GR,355.81,—,—,—,—,-54.63,-5.26,-55.93,-12.81,118.14,5.97
9431,EPS GR 3Y avg,—,—,—,—,—,-42.57,-28.60,-5.71,26.32,108.64,40.85
9431,EPS GR 5Y avg,—,—,—,—,—,-18.47,-3.39,28.40,39.67,-5.80,0.40
9431,EPS GR 10Y avg,—,—,—,—,—,-9.53,—,—,—,—,—
9431,OCF GR,—,-35.28,266.06,—,—,541.83,-85.41,—,—,-41.75,-13.86
9431,FCF GR,—,-23.34,—,—,—,—,—,—,—,-41.62,12.73
9431,D/E,—,0.07,0.09,—,—,—,—,—,—,—,—
9431,Price,1.9800,0.8000,0.5500,0.8600,0.6200,0.6600,0.7300,0.8500,0.8800,0.8200,0.6500
9474,Year End,TTM,2020-12,2019-12,2018-12,2017-12,2016-12,2015-12,2014-12,2013-12,2012-12,2011-12
9474,Revenue,32,82,306,274,291,266,281,354,395,197,184
9474,NP,-102,-107,-15,-105,-7,-75,-16,-32,22,9,9
9474,EPS,-0.44,-0.45,-0.07,-0.26,-0.03,-0.32,-0.07,-0.14,0.10,0.04,0.05
9474,DPS,—,—,—,—,—,—,—,—,—,—,—
9474,Div Payout,—,—,—,—,—,—,—,3.0,—,—,—
9474,Shares,236,236,236,236,236,236,236,234,218,201,179
9474,BVPS,-0.30,-0.05,-0.04,0.38,0.43,0.82,0.99,1.21,1.07,1.01,0.90
9474,OCF,-14,-17,40,3,-5,-9,11,-48,35,14,29
9474,FCF,-15,-19,35,-4,-11,-13,1,-59,25,4,20
9474,NP Margin,-324.81,-129.91,-5.02,-38.28,-2.38,-28.14,-5.57,-9.03,5.58,4.41,4.68
9474,ROE,—,—,-241.68,-230.43,-6.78,-44.53,-6.57,-12.76,9.35,4.48,5.21
9474,Revenue GR,-87.67,-73.06,11.49,-5.81,9.32,-5.31,-20.52,-10.36,100.79,6.60,11.25
9474,Revenue GR 3Y avg,—,-34.35,4.71,-0.84,-6.30,-12.30,12.68,24.26,33.54,7.85,19.69
9474,Revenue GR 5Y avg,—,-21.78,-2.88,-7.03,8.17,7.63,11.15,17.69,29.70,74.15,66.07
9474,Revenue GR 10Y avg,—,-6.76,6.91,9.81,37.25,33.69,—,—,—,—,—
9474,NP GR,—,—,—,—,—,—,—,—,49.81,53.79,—
9474,NP GR 3Y avg,—,—,—,—,—,—,—,—,—,—,17.05
9474,NP GR 5Y avg,—,—,—,—,—,—,—,—,—,—,—
9474,NP GR 10Y avg,0.0,0.0,0.0,0.0,0.0,0.0,0.0,0.0,0.0,0.0,0.0
9474,EPS GR,-39.58,—,—,—,—,—,—,—,135.35,-10.79,31.69
9474,EPS GR 3Y avg,—,—,—,—,—,—,—,—,40.36,47.87,—
9474,EPS GR 5Y avg,—,—,—,—,—,—,—,—,—,—,-9.68
9474,EPS GR 10Y avg,—,—,—,—,—,—,—,—,—,—,—
9474,OCF GR,—,—,—,—,—,—,—,—,155.67,-52.24,5.42
9474,FCF GR,—,—,—,—,—,—,—,—,503.27,-78.58,-11.54
9474,D/E,—,—,0.18,—,0.69,0.70,0.50,0.53,0.34,0.10,0.14
9474,Price,0.2400,0.3300,0.3100,0.2800,0.4650,0.6600,1.0200,1.3200,1.8400,1.0200,0.4800
9539,Year End,TTM,2020-06,2019-06,2018-06,2017-06,2014-12,2013-12,2012-12,2011-12,2010-12,2009-12
9539,Revenue,13,4,12,8,17,60,32,28,15,11,10
9539,NP,2,-3,-1,-6,-4,22,1,2,2,7,1
9539,EPS,0.03,-0.05,-0.01,-0.11,-0.07,0.41,0.01,0.04,0.04,0.13,0.01
9539,DPS,—,—,—,—,—,—,—,—,—,—,—
9539,Div Payout,—,—,—,—,—,—,—,—,—,—,—
9539,Shares,56,56,56,56,56,53,53,53,53,53,53
9539,BVPS,1.17,1.14,1.16,1.22,1.30,—,—,—,—,—,—
9539,OCF,6,-5,—,-2,-9,16,8,2,4,5,—
9539,FCF,6,-5,—,-2,-9,15,7,1,4,5,—
9539,NP Margin,13.85,-72.95,-4.35,-79.96,-21.83,36.29,1.93,7.26,15.59,59.84,6.87
9539,ROE,2.69,-4.62,-0.78,-8.58,-5.13,40.99,1.49,5.07,6.23,20.48,2.55
9539,Revenue GR,1006.90,-65.77,60.43,-56.79,-39.01,85.35,14.12,86.33,36.61,—,—
9539,Revenue GR 3Y avg,—,-38.09,-29.96,-27.67,-10.25,57.96,42.68,39.57,-0.61,—,—
9539,Revenue GR 5Y avg,—,-27.12,-12.30,-10.25,7.13,41.89,15.86,17.47,2.71,—,—
9539,Revenue GR 10Y avg,—,-10.85,-0.41,-4.83,—,—,—,—,—,—,—
9539,NP GR,—,—,—,—,—,109.32,-54.56,42.15,24.21,—,—
9539,NP GR 3Y avg,—,—,—,—,—,97.93,-12.77,—,—,—,—
9539,NP GR 5Y avg,—,—,—,—,—,—,—,—,—,—,—
9539,NP GR 10Y avg,0.0,0.0,0.0,0.0,0.0,0.0,0.0,0.0,0.0,0.0,0.0
9539,EPS GR,-261.64,—,—,—,—,—,-69.67,-13.17,-64.44,—,—
9539,EPS GR 3Y avg,—,—,—,—,—,109.39,-54.59,42.30,24.17,—,—
9539,EPS GR 5Y avg,—,—,—,—,—,98.05,-12.80,—,—,—,—
9539,EPS GR 10Y avg,—,—,—,—,—,—,—,—,—,—,—
9539,OCF GR,—,—,—,—,—,111.26,381.47,-64.24,-14.68,—,—
9539,FCF GR,—,—,—,—,—,107.26,455.50,-68.23,-17.29,—,—
9539,D/E,—,—,—,—,—,—,—,—,0.07,0.15,0.30
9539,Price,0.6100,0.2650,0.5300,0.4500,0.6600,0.7700,0.8500,1.3000,1.3500,0.3600,0.2600
9601,Year End,TTM,2019-12,2018-12,2017-12,2016-12,2015-12,2014-12,2013-12,2012-12,2011-12,2010-12
9601,Revenue,232,181,159,156,148,189,190,229,243,247,241
9601,NP,-7,-7,-33,-11,-14,-16,-22,-24,-33,-7,10
9601,EPS,-0.02,-0.02,-0.11,-0.04,-0.06,-0.10,-0.13,-0.16,-0.23,-0.05,0.09
9601,DPS,—,—,—,—,—,—,—,—,—,—,—
9601,Div Payout,—,—,—,—,—,—,—,—,—,—,—
9601,Shares,527,368,306,250,232,165,160,154,144,127,132
9601,BVPS,0.11,—,—,—,—,—,—,—,—,—,—
9601,OCF,7,10,-8,3,-20,10,3,-3,-6,-6,-6
9601,FCF,5,8,-10,1,-20,6,—,-8,-12,-16,-20
9601,NP Margin,-2.84,-3.88,-20.69,-6.91,-9.20,-8.61,-11.34,-10.69,-13.39,-2.85,4.10
9601,ROE,-18.35,-22.17,-84.07,-19.81,-27.45,-34.95,-32.93,-29.89,-35.98,-7.38,13.73
9601,Revenue GR,129.78,13.34,1.96,5.71,-21.58,-0.91,-16.67,-5.93,-1.51,2.55,—
9601,Revenue GR 3Y avg,—,6.90,-5.45,-6.35,-13.49,-8.08,-8.26,-1.69,19.03,3.76,—
9601,Revenue GR 5Y avg,—,-1.03,-6.94,-8.43,-9.71,-4.74,5.74,0.69,1.30,2.95,—
9601,Revenue GR 10Y avg,—,2.30,-3.20,-3.69,-3.59,—,—,—,—,—,—
9601,NP GR,—,—,—,—,—,—,—,—,—,—,—
9601,NP GR 3Y avg,—,—,—,—,—,—,—,—,—,—,—
9601,NP GR 5Y avg,—,—,—,—,—,—,—,—,—,—,—
9601,NP GR 10Y avg,0.0,0.0,0.0,0.0,0.0,0.0,0.0,0.0,0.0,0.0,0.0
9601,EPS GR,20.59,—,—,—,—,—,—,—,—,—,—
9601,EPS GR 3Y avg,—,—,—,—,—,—,—,—,—,—,—
9601,EPS GR 5Y avg,—,—,—,—,—,—,—,—,—,—,—
9601,EPS GR 10Y avg,—,—,—,—,—,—,—,—,—,—,—
9601,OCF GR,—,—,—,—,—,257.80,—,—,—,—,—
9601,FCF GR,—,—,—,—,—,—,—,—,—,—,—
9601,D/E,0.08,0.16,0.20,0.25,0.31,0.66,0.51,—,—,0.10,0.17
9601,Price,0.4450,0.4450,0.2100,0.1050,0.1050,0.0650,0.0550,0.0950,0.1350,0.2000,0.3000
9628,Year End,TTM,2020-12,2019-12,2018-12,2017-12,2016-12,2015-12,2014-12,2013-12,2012-12,2011-12
9628,Revenue,32,37,49,34,27,20,41,78,125,53,76
9628,NP,-12,-12,-2,—,—,1,-3,6,11,5,1
9628,EPS,-0.09,-0.09,-0.01,—,—,0.01,-0.02,0.04,0.08,0.03,0.01
9628,DPS,—,—,—,—,—,—,—,—,—,—,—
9628,Div Payout,—,—,—,—,—,—,—,—,—,—,—
9628,Shares,136,136,136,136,136,138,136,136,136,136,136
9628,BVPS,0.85,0.94,0.95,0.96,0.97,0.95,0.97,0.95,0.87,—,0.78
9628,OCF,-1,—,12,—,1,1,—,-1,-3,-3,-5
9628,FCF,-1,—,—,—,1,1,—,-1,-3,-3,-5
9628,NP Margin,-38.04,-33.43,-3.69,0.27,1.22,3.84,-7.24,7.08,8.72,8.93,1.59
9628,ROE,-10.00,-10.12,-1.40,0.07,0.26,0.59,-2.26,4.31,9.06,4.32,1.14
9628,Revenue GR,-34.90,-24.44,44.37,23.42,38.86,-51.38,-48.18,-37.27,133.95,-30.20,-24.34
9628,Revenue GR 3Y avg,—,10.42,35.25,-5.90,-29.53,-45.93,-8.72,0.81,7.30,-11.42,16.09
9628,Revenue GR 5Y avg,—,-1.89,-9.02,-22.99,-12.48,-23.73,-16.68,0.40,20.63,-5.91,-9.60
9628,Revenue GR 10Y avg,—,-9.58,-4.43,-3.61,-9.25,-16.96,—,—,—,—,—
9628,NP GR,—,—,—,—,-60.81,-58.87,—,65.71,105.72,48.54,—
9628,NP GR 3Y avg,—,—,—,-61.45,-41.24,-9.08,—,30.70,—,7.99,-17.39
9628,NP GR 5Y avg,—,—,—,—,-20.34,-13.33,—,—,—,—,—
9628,NP GR 10Y avg,0.0,0.0,0.0,0.0,0.0,0.0,0.0,0.0,0.0,0.0,0.0
9628,EPS GR,69.23,—,—,-70.83,-56.36,—,—,-49.06,134.41,280.65,-2.49
9628,EPS GR 3Y avg,—,—,—,—,-61.05,-58.98,—,65.65,105.68,47.22,—
9628,EPS GR 5Y avg,—,—,—,-61.21,-41.15,-9.24,—,30.68,—,7.42,-17.39
9628,EPS GR 10Y avg,—,—,—,—,-20.49,-13.41,—,—,—,—,—
9628,OCF GR,—,-99.85,—,-82.45,-48.29,248.33,—,—,—,—,—
9628,FCF GR,—,—,187.23,-82.97,-48.44,258.43,—,—,—,—,—
9628,D/E,—,—,—,—,—,—,—,—,—,—,—
9628,Price,0.0000,1.0100,0.9000,0.9050,1.4000,1.5100,1.5000,1.5000,1.3800,1.4500,1.3500
9679,Year End,TTM,2020-12,2019-12,2018-12,2017-12,2016-12,2015-12,2014-12,2013-12,2012-12,2011-12
9679,Revenue,"1,772","1,691","1,826","2,285","1,896","1,929","1,662","1,654","1,651","1,560","1,539"
9679,NP,-100,-171,-27,108,155,68,209,123,198,359,163
9679,EPS,-0.10,-0.15,-0.02,0.07,0.16,0.05,0.18,0.10,0.16,0.33,0.13
9679,DPS,—,—,—,0.03,—,0.02,0.02,0.04,0.06,0.06,0.08
9679,Div Payout,—,—,—,24.9,—,19.6,12.7,32.0,18.4,19.7,56.3
9679,Shares,"1,417","1,415","1,429","1,460","1,428","1,296","1,196","1,185","1,231","1,097","1,290"
9679,BVPS,2.68,2.80,2.69,2.21,2.10,2.06,1.90,1.89,1.77,1.71,1.22
9679,OCF,-9,18,330,-83,-22,-164,-486,-430,-548,90,164
9679,FCF,-32,-2,296,-140,-60,-223,-511,-463,-599,41,148
9679,NP Margin,-8.36,-12.63,-1.50,4.72,8.15,3.54,12.60,7.43,11.96,23.00,10.56
9679,ROE,-3.81,-5.71,-0.79,3.41,5.24,2.54,8.64,5.54,9.84,21.94,11.97
9679,Revenue GR,22.36,-7.39,-20.12,20.53,-1.70,16.09,0.44,0.18,5.83,1.41,-9.95
9679,Revenue GR 3Y avg,—,-3.75,-1.82,11.21,4.65,5.32,2.12,2.45,-1.13,-30.59,-25.99
9679,Revenue GR 5Y avg,—,0.35,1.99,6.72,3.97,4.63,-0.56,-18.73,-15.33,-10.92,1.90
9679,Revenue GR 10Y avg,—,-0.11,-8.96,-4.95,-3.76,3.25,7.25,—,—,—,—
9679,NP GR,—,—,—,-19.84,7.95,-29.79,-16.44,-8.97,-1.96,18.46,3.77
9679,NP GR 3Y avg,—,—,—,-11.40,-15.50,-15.94,-0.03,-10.65,6.27,9.39,7.18
9679,NP GR 5Y avg,—,—,—,-2.97,-3.86,-5.08,8.32,—,—,—,—
9679,NP GR 10Y avg,0.0,0.0,0.0,0.0,0.0,0.0,0.0,0.0,0.0,0.0,0.0
9679,EPS GR,—,—,—,-31.77,106.53,-70.05,70.88,-35.51,-51.43,113.33,10.37
9679,EPS GR 3Y avg,—,—,—,-24.99,1.87,-30.89,-18.81,-12.57,4.57,30.79,14.62
9679,EPS GR 5Y avg,—,—,—,-14.19,-19.83,-19.31,4.73,-6.86,9.30,13.24,-0.77
9679,EPS GR 10Y avg,—,—,—,-3.16,-4.72,-10.52,1.46,—,—,—,—
9679,OCF GR,—,-94.55,—,—,—,—,—,—,—,-45.05,—
9679,FCF GR,—,—,—,—,—,—,—,—,—,-71.99,—
9679,D/E,0.53,0.55,0.59,0.90,0.72,0.78,0.79,0.83,0.70,0.49,0.63
9679,Price,0.5750,0.5300,0.8700,0.6750,1.6200,1.7300,1.6100,1.5900,2.0500,2.3500,2.3800
9695,Year End,TTM,2020-03,2019-03,2018-03,2017-03,2016-03,2015-03,2014-03,2013-03,2012-03,2011-03
9695,Revenue,106,88,63,77,71,34,60,91,77,148,123
9695,NP,2,-6,-15,-4,-8,-13,-4,20,7,12,10
9695,EPS,—,-0.02,-0.05,0.02,-0.03,-0.04,-0.01,0.06,0.02,0.04,0.03
9695,DPS,—,—,—,—,—,—,—,—,—,—,—
9695,Div Payout,—,—,—,—,—,—,—,—,—,—,—
9695,Shares,363,350,327,326,326,326,326,326,326,326,326
9695,BVPS,0.51,0.55,0.52,1.23,1.25,1.30,1.28,1.24,0.33,0.32,—
9695,OCF,21,4,8,19,22,4,13,13,-3,35,10
9695,FCF,-8,-5,3,12,9,-12,10,12,-5,10,-20
9695,NP Margin,1.70,-7.16,-23.44,-5.11,-11.61,-36.55,-6.08,21.95,8.49,7.96,8.15
9695,ROE,0.91,-3.32,-5.26,-1.01,-2.04,-2.98,-0.86,7.51,6.11,12.07,11.59
9695,Revenue GR,15.87,39.99,-17.54,7.36,107.43,-42.62,-33.92,17.96,-48.07,20.08,—
9695,Revenue GR 3Y avg,—,7.41,22.46,8.52,-7.69,-23.52,-26.03,-9.73,6.82,95.76,—
9695,Revenue GR 5Y avg,—,8.08,-6.98,-0.08,-13.59,-22.54,-1.02,35.66,16.99,21.75,—
9695,Revenue GR 10Y avg,—,3.43,12.33,8.12,2.57,-5.23,—,—,—,—,—
9695,NP GR,—,—,—,—,—,—,—,25.60,-19.57,—,—
9695,NP GR 3Y avg,—,—,—,—,—,—,—,—,—,17.60,—
9695,NP GR 5Y avg,—,—,—,—,—,—,—,—,—,—,—
9695,NP GR 10Y avg,0.0,0.0,0.0,0.0,0.0,0.0,0.0,0.0,0.0,0.0,0.0
9695,EPS GR,89.47,—,—,—,—,—,—,205.00,-44.60,17.21,—
9695,EPS GR 3Y avg,—,—,—,—,—,—,—,25.58,-19.54,—,—
9695,EPS GR 5Y avg,—,—,—,—,—,—,—,—,—,17.59,—
9695,EPS GR 10Y avg,—,—,—,—,—,—,—,—,—,—,—
9695,OCF GR,—,-47.61,-58.06,-13.78,452.69,-68.62,2.41,—,—,267.07,—
9695,FCF GR,—,—,-78.49,33.89,—,—,-14.56,—,—,—,—
9695,D/E,0.48,0.47,0.43,0.24,0.22,0.22,0.19,0.17,0.66,0.52,0.44
9695,Price,1.1500,0.4800,0.9700,0.8500,1.0700,1.0300,0.9800,1.4800,1.2300,1.1000,1.4600
9717,Year End,TTM,2019-12,2018-12,2017-12,2016-12,2015-12,2014-12,2013-12,2012-12,2011-12,2010-12
9717,Revenue,55,54,71,83,138,322,406,292,169,100,107
9717,NP,6,6,3,2,5,17,35,17,9,5,2
9717,EPS,0.01,0.01,0.01,0.01,0.02,0.05,0.11,0.05,0.03,0.01,0.01
9717,DPS,—,—,—,—,—,—,—,—,—,—,—
9717,Div Payout,—,—,—,—,—,—,—,—,—,—,—
9717,Shares,416,416,396,320,320,320,320,320,288,320,172
9717,BVPS,0.67,—,—,—,—,—,—,—,—,—,—
9717,OCF,7,14,2,11,3,—,-42,-14,21,1,-6
9717,FCF,5,4,-13,2,2,-1,-43,-15,21,1,-6
9717,NP Margin,10.45,10.79,3.61,2.96,3.92,5.38,8.62,5.96,5.26,5.05,1.90
9717,ROE,2.06,2.11,0.97,0.99,2.25,7.51,17.07,9.73,5.36,3.18,1.32
9717,Revenue GR,-64.98,-24.07,-14.26,-39.94,-57.09,-20.80,38.95,72.56,69.18,-6.48,—
9717,Revenue GR 3Y avg,—,-26.88,-39.55,-41.12,-22.13,23.84,59.48,39.77,26.16,5.57,—
9717,Revenue GR 5Y avg,—,-33.21,-24.63,-13.32,6.63,24.61,36.93,27.99,38.35,—,—
9717,Revenue GR 10Y avg,—,-4.37,-1.78,9.51,—,—,—,—,—,—,—
9717,NP GR,—,2.44,-47.08,-58.78,-32.27,24.75,90.58,104.61,—,—,—
9717,NP GR 3Y avg,—,-30.14,-31.85,-22.75,1.39,53.41,—,—,—,—,—
9717,NP GR 5Y avg,—,—,—,—,—,—,—,—,—,—,—
9717,NP GR 10Y avg,0.0,0.0,0.0,0.0,0.0,0.0,0.0,0.0,0.0,0.0,0.0
9717,EPS GR,-104.33,115.38,-14.47,-55.03,-68.70,-50.59,100.92,76.05,53.73,136.47,—
9717,EPS GR 3Y avg,—,-6.08,-50.63,-58.88,-32.27,20.45,75.85,85.66,—,—,—
9717,EPS GR 5Y avg,—,-33.70,-34.62,-24.46,-3.41,44.74,—,—,—,—,—
9717,EPS GR 10Y avg,—,—,—,—,—,—,—,—,—,—,—
9717,OCF GR,—,654.11,-82.80,283.12,—,—,—,—,—,—,—
9717,FCF GR,—,—,—,20.01,—,—,—,—,—,—,—
9717,D/E,0.17,0.17,0.17,0.20,0.23,0.25,0.28,0.01,0.01,0.04,0.16
9717,Price,0.2450,0.2650,0.2250,0.2350,0.2450,0.3350,0.4100,0.3250,0.2800,0.1800,0.2000
9776,Year End,TTM,2020-12,2019-12,2018-12,2017-12,2016-12,2015-12,2014-12,2013-12,2012-12,2011-12
9776,Revenue,105,114,182,181,300,344,347,418,455,401,407
9776,NP,-20,-22,-1,-39,15,12,-16,2,4,-10,9
9776,EPS,-0.09,-0.10,—,-0.34,0.18,0.14,-0.16,0.03,0.05,-0.12,0.13
9776,DPS,—,—,—,—,—,—,—,—,—,—,—
9776,Div Payout,—,—,—,—,—,—,—,—,—,—,—
9776,Shares,282,254,252,137,85,85,85,85,81,77,77
9776,BVPS,0.34,0.25,0.46,0.54,0.91,1.12,1.04,1.12,1.91,1.06,1.04
9776,OCF,-11,-13,-38,37,3,-25,-3,22,-3,12,17
9776,FCF,-12,-14,-39,33,3,-27,-9,17,-4,-20,11
9776,NP Margin,-19.26,-19.40,-0.47,-21.65,5.02,3.47,-4.55,0.53,0.95,-2.38,2.29
9776,ROE,-19.73,-24.67,-0.89,-38.05,14.73,13.72,-18.07,2.38,4.98,-11.11,10.89
9776,Revenue GR,-24.92,-37.48,0.84,-39.60,-12.85,-0.88,-17.13,-8.12,13.70,-1.53,22.83
9776,Revenue GR 3Y avg,—,-27.52,-19.03,-19.49,-10.54,-8.95,-4.69,0.95,11.20,4.81,0.54
9776,Revenue GR 5Y avg,—,-19.94,-15.30,-16.86,-5.65,-3.31,0.93,3.76,2.61,0.93,5.57
9776,Revenue GR 10Y avg,—,-10.11,-6.25,-7.63,-2.41,1.03,—,—,—,—,—
9776,NP GR,—,—,—,—,88.89,40.21,—,-37.87,52.50,—,—
9776,NP GR 3Y avg,—,—,—,—,—,5.12,—,—,—,—,56.07
9776,NP GR 5Y avg,—,—,—,—,—,28.09,—,—,—,—,—
9776,NP GR 10Y avg,0.0,0.0,0.0,0.0,0.0,0.0,0.0,0.0,0.0,0.0,0.0
9776,EPS GR,-81.54,—,—,—,26.15,—,—,-50.67,—,—,661.50
9776,EPS GR 3Y avg,—,—,—,—,88.04,37.51,—,-39.61,50.37,—,—
9776,EPS GR 5Y avg,—,—,—,—,—,3.03,—,—,—,—,56.17
9776,EPS GR 10Y avg,—,—,—,—,—,26.84,—,—,—,—,—
9776,OCF GR,—,—,—,972.11,—,—,—,—,—,-28.24,94.65
9776,FCF GR,—,—,—,—,—,—,—,—,—,—,78.68
9776,D/E,0.22,0.31,0.31,0.09,0.15,0.14,0.82,0.68,0.70,0.78,0.63
9776,Price,0.3250,0.5200,0.1650,0.1150,0.5450,0.6750,0.6500,0.6000,0.6350,0.6000,0.8800
9806,Year End,TTM,2020-03,2019-03,2018-03,2017-03,2016-03,2015-03,2014-03,2013-03,2012-03,2011-03
9806,Revenue,48,66,87,80,87,92,99,98,99,96,92
9806,NP,-37,-35,-31,-10,-16,-6,—,-1,-3,1,1
9806,EPS,-0.30,-0.28,-0.26,-0.08,-0.13,-0.05,—,-0.01,-0.02,0.01,0.01
9806,DPS,—,—,—,—,—,—,—,—,0.03,0.02,0.02
9806,Div Payout,—,—,—,—,—,—,—,—,309.2,189.3,—
9806,Shares,—,123,123,120,120,120,120,120,120,120,120
9806,BVPS,-0.17,0.21,0.23,0.30,0.38,0.50,0.52,0.51,0.56,0.56,—
9806,OCF,5,-9,-9,4,2,-3,-3,4,7,3,6
9806,FCF,2,-11,-11,—,—,-4,-4,3,2,1,4
9806,NP Margin,-77.20,-53.54,-35.33,-12.15,-18.29,-6.70,-0.17,-0.91,-2.95,1.25,1.37
9806,ROE,—,-260.25,-92.07,-27.75,-33.10,-10.45,-0.26,-1.43,-4.49,1.79,1.87
9806,Revenue GR,-19.12,-23.73,8.13,-7.57,-5.81,-7.46,1.63,-1.31,2.97,4.10,—
9806,Revenue GR 3Y avg,—,-8.66,-2.00,-6.95,-3.96,-2.46,1.08,1.89,4.21,2.84,—
9806,Revenue GR 5Y avg,—,-7.86,-2.41,-4.18,-2.08,-0.10,2.56,2.02,5.42,5.42,—
9806,Revenue GR 10Y avg,—,-2.78,-0.22,0.51,1.60,2.37,—,—,—,—,—
9806,NP GR,—,—,—,—,—,—,—,—,—,-16.39,—
9806,NP GR 3Y avg,—,—,—,—,—,—,—,—,—,-25.63,—
9806,NP GR 5Y avg,—,—,—,—,—,—,—,—,—,—,—
9806,NP GR 10Y avg,0.0,0.0,0.0,0.0,0.0,0.0,0.0,0.0,0.0,0.0,0.0
9806,EPS GR,-54.01,—,—,—,—,—,—,—,—,-5.33,—
9806,EPS GR 3Y avg,—,—,—,—,—,—,—,—,—,-16.46,—
9806,EPS GR 5Y avg,—,—,—,—,—,—,—,—,—,-25.66,—
9806,EPS GR 10Y avg,—,—,—,—,—,—,—,—,—,—,—
9806,OCF GR,—,—,—,128.47,—,—,—,-38.04,179.43,-55.07,—
9806,FCF GR,—,—,—,—,—,—,—,30.12,50.41,-64.76,—
9806,D/E,—,—,—,—,—,0.04,0.06,0.09,—,—,—
9806,Price,0.3000,0.3000,0.1000,0.3000,0.4300,0.7000,0.7050,0.7300,0.5600,0.5000,0.6300
9814,Year End,TTM,2020-12,2019-12,2018-12,2017-12,2016-12,2015-12,2014-12,2013-12,2012-12,2011-12
9814,Revenue,7,6,11,1,145,11,127,40,32,41,72
9814,NP,-41,-41,-16,-20,63,-24,12,—,4,11,13
9814,EPS,-0.20,-0.20,-0.08,-0.10,0.30,-0.11,0.06,—,0.02,0.05,0.06
9814,DPS,—,—,—,—,—,—,—,0.01,—,0.02,0.01
9814,Div Payout,—,—,—,—,—,—,—,80.0,61.0,39.0,39.3
9814,Shares,207,207,207,207,207,207,207,207,207,207,207
9814,BVPS,0.47,0.75,0.89,0.99,1.03,0.78,0.91,0.83,0.83,0.81,0.74
9814,OCF,—,-1,—,-22,113,-7,-22,-32,-28,59,13
9814,FCF,—,-1,—,-22,113,-7,-26,-39,-28,59,13
9814,NP Margin,-585.20,-640.23,-149.46,—,43.24,-216.74,9.29,0.88,11.46,25.66,17.46
9814,ROE,-28.67,-28.40,-8.86,-10.39,35.84,-15.63,6.96,0.20,2.15,6.37,7.99
9814,Revenue GR,142.89,-39.69,1194.26,-99.44,1190.51,-91.15,216.90,25.03,-22.27,-42.88,19.97
9814,Revenue GR 3Y avg,—,-64.72,-2.05,-81.41,53.52,-29.49,45.49,-17.81,-18.94,1.28,16.97
9814,Revenue GR 5Y avg,—,-45.04,-23.41,-52.01,28.60,-31.07,16.11,0.19,-6.61,-4.85,15.94
9814,Revenue GR 10Y avg,—,-20.12,-12.40,-33.05,10.62,-10.60,—,—,—,—,—
9814,NP GR,—,—,—,—,462.55,—,3.69,-69.66,-37.13,35.40,31.88
9814,NP GR 3Y avg,—,—,—,—,42.75,—,-4.42,-39.26,-7.74,19.81,—
9814,NP GR 5Y avg,—,—,—,—,30.78,—,—,—,—,—,—
9814,NP GR 10Y avg,0.0,0.0,0.0,0.0,0.0,0.0,0.0,0.0,0.0,0.0,0.0
9814,EPS GR,375.00,—,—,—,—,—,—,-90.45,-65.30,-16.04,-14.66
9814,EPS GR 3Y avg,—,—,—,—,463.27,—,3.64,-69.70,-37.12,35.55,31.94
9814,EPS GR 5Y avg,—,—,—,—,42.72,—,-4.42,-39.28,-7.72,19.79,—
9814,EPS GR 10Y avg,—,—,—,—,30.75,—,—,—,—,—,—
9814,OCF GR,—,—,—,—,—,—,—,—,—,343.42,—
9814,FCF GR,—,—,—,—,—,—,—,—,—,342.37,—
9814,D/E,—,—,0.03,0.11,0.03,0.46,0.54,0.30,0.12,0.13,0.12
9814,Price,0.1400,0.1300,0.2500,0.2600,0.4100,0.6100,0.5100,0.6600,0.6600,0.5800,0.5000
9938,Year End,TTM,2020-08,2019-08,2018-08,2017-08,2016-08,2015-08,2014-08,2013-08,2012-08,2011-08
9938,Revenue,47,51,68,54,42,62,45,34,52,56,49
9938,NP,-3,-1,2,-3,-3,2,1,2,7,4,3
9938,EPS,-0.01,-0.01,0.01,-0.01,-0.01,0.01,—,0.01,0.13,0.04,0.03
9938,DPS,—,—,—,—,—,—,—,—,—,—,—
9938,Div Payout,—,—,—,—,—,—,—,—,—,—,—
9938,Shares,205,205,205,236,236,205,191,121,54,88,88
9938,BVPS,0.56,0.57,0.56,0.56,0.58,0.59,0.58,0.55,0.49,0.29,0.23
9938,OCF,2,5,4,—,3,7,4,4,-5,7,11
9938,FCF,2,5,4,—,3,7,-14,-38,-5,7,10
9938,NP Margin,-5.61,-2.44,2.85,-6.27,-6.20,2.92,1.76,4.82,13.23,6.74,5.46
9938,ROE,-2.29,-1.06,1.66,-2.90,-2.17,1.51,0.70,2.17,18.80,15.18,12.59
9938,Revenue GR,-25.55,-25.17,25.07,28.66,-32.36,39.49,30.93,-34.60,-6.87,13.29,12.63
9938,Revenue GR 3Y avg,—,6.39,2.87,6.68,7.30,6.10,-7.27,-11.63,5.92,4.96,-2.29
9938,Revenue GR 5Y avg,—,2.59,14.73,0.78,-5.53,4.74,0.35,-6.77,-0.31,0.69,-0.57
9938,Revenue GR 10Y avg,—,1.46,3.42,0.23,-2.47,2.05,—,—,—,—,—
9938,NP GR,—,—,2.06,—,—,-35.89,-40.69,-15.19,81.67,27.35,14.55
9938,NP GR 3Y avg,—,—,3.28,—,—,-7.58,-7.30,-2.09,30.93,75.03,—
9938,NP GR 5Y avg,—,—,0.56,—,—,—,—,—,—,—,—
9938,NP GR 10Y avg,0.0,0.0,0.0,0.0,0.0,0.0,0.0,0.0,0.0,0.0,0.0
9938,EPS GR,115.79,—,—,—,—,113.46,-69.41,-82.75,83.45,39.47,134.28
9938,EPS GR 3Y avg,—,—,1.92,—,—,-51.71,-54.09,-23.87,81.65,27.19,14.55
9938,EPS GR 5Y avg,—,—,-7.12,—,—,-22.03,-20.57,-8.23,30.92,74.90,—
9938,EPS GR 10Y avg,—,—,-7.68,—,—,—,—,—,—,—,—
9938,OCF GR,—,18.17,—,—,-57.61,51.22,4.28,—,—,-37.38,—
9938,FCF GR,—,41.44,—,—,-57.83,—,—,—,—,-32.85,—
9938,D/E,—,—,—,—,—,—,—,—,—,—,—
9938,Price,0.2400,0.2450,0.1850,0.2100,0.3050,0.3250,0.3650,0.5900,1.0300,1.6000,0.4750
9946,Year End,TTM,2020-06,2019-06,2018-06,2017-06,2014-12,2013-12,2012-12,2011-12,2010-12,2009-12
9946,Revenue,162,149,137,130,130,145,157,139,142,136,163
9946,NP,-2,-9,-13,-15,3,1,2,—,-2,-4,3
9946,EPS,—,-0.03,-0.04,-0.06,0.04,—,0.01,—,-0.01,-0.01,0.01
9946,DPS,—,—,—,—,—,—,—,—,—,—,—
9946,Div Payout,—,—,—,363.4,—,—,—,—,—,—,—
9946,Shares,424,352,352,269,88,320,320,320,320,320,320
9946,BVPS,0.26,0.30,0.34,0.40,0.40,—,—,—,—,—,—
9946,OCF,-2,17,-15,—,4,12,13,13,5,1,—
9946,FCF,4,-1,-17,-5,-12,8,12,8,4,-4,—
9946,NP Margin,-1.33,-6.34,-9.73,-11.63,2.50,0.53,1.34,0.15,-1.15,-2.97,1.58
9946,ROE,-1.85,-8.78,-11.08,-11.27,2.32,0.59,1.66,0.17,-1.38,-3.21,1.98
9946,Revenue GR,11.63,9.25,4.82,0.11,-4.23,-7.59,12.98,-2.06,4.60,—,—
9946,Revenue GR 3Y avg,—,4.66,-1.32,-4.05,-1.43,0.74,4.99,-5.13,-6.62,—,—
9946,Revenue GR 5Y avg,—,-0.77,-0.26,-1.29,-0.63,-2.27,-2.06,-2.90,3.94,—,—
9946,Revenue GR 10Y avg,—,-1.33,-1.41,0.95,—,—,—,—,—,—,—
9946,NP GR,—,—,—,—,85.34,—,—,-57.12,—,—,—
9946,NP GR 3Y avg,—,—,—,—,—,-21.37,-8.44,-36.61,—,—,—
9946,NP GR 5Y avg,—,—,—,—,—,—,—,—,—,—,—
9946,NP GR 10Y avg,0.0,0.0,0.0,0.0,0.0,0.0,0.0,0.0,0.0,0.0,0.0
9946,EPS GR,-120.41,—,—,—,70.96,-63.30,944.44,—,—,—,—
9946,EPS GR 3Y avg,—,—,—,—,81.59,—,—,-57.19,—,—,—
9946,EPS GR 5Y avg,—,—,—,—,—,-21.37,-8.43,-36.66,—,—,—
9946,EPS GR 10Y avg,—,—,—,—,—,—,—,—,—,—,—
9946,OCF GR,—,—,—,-87.87,-35.85,-7.06,-3.58,154.85,550.74,—,—
9946,FCF GR,—,—,—,—,—,-36.43,61.00,89.13,—,—,—
9946,D/E,0.09,0.12,0.03,0.03,—,—,0.01,0.02,0.03,0.05,0.06
9946,Price,0.2100,0.2800,0.3900,0.4800,2.2700,1.5300,1.5100,0.8000,0.7500,0.4900,0.6900
5298,Year End,TTM,2020-12,2019-12,2018-12,2017-12,2016-12,2015-12,2014-12,2013-12,2012-12,2011-12
5298,Revenue,785,785,"1,026","1,510",988,414,338,533,424,408,390
5298,NP,5,5,57,162,93,8,-122,-63,-49,-61,-12
5298,EPS,0.01,0.01,0.08,0.22,0.12,0.01,-0.17,-0.09,-0.07,-0.10,-0.02
5298,DPS,—,—,—,—,—,—,—,—,—,—,—
5298,Div Payout,—,—,—,—,—,—,—,—,—,—,—
5298,Shares,737,737,737,742,768,731,704,704,704,605,503
5298,BVPS,1.69,—,—,—,—,—,—,—,—,—,—
5298,OCF,—,—,—,—,—,—,—,—,—,—,—
5298,FCF,60,60,16,149,88,5,-128,-211,-168,15,-29
5298,NP Margin,0.68,0.68,5.52,10.71,9.38,1.92,-36.08,-11.75,-11.56,-14.96,-2.95
5298,ROE,1.30,1.30,13.93,52.46,50.40,7.00,-82.98,-25.92,-16.88,-21.91,-4.00
5298,Revenue GR,—,-23.56,-32.04,52.85,138.55,22.39,-36.47,25.75,3.78,4.74,26.76
5298,Revenue GR 3Y avg,—,-7.40,35.32,64.64,22.87,-0.75,-6.06,10.98,11.28,13.35,-12.11
5298,Revenue GR 5Y avg,—,18.31,14.02,28.95,19.34,1.23,1.94,13.70,-5.90,7.04,10.43
5298,Revenue GR 10Y avg,—,9.82,13.86,10.16,13.02,6.15,4.65,9.27,9.73,13.91,12.85
5298,NP GR,—,-61.34,92.54,—,—,—,—,—,—,—,—
5298,NP GR 3Y avg,—,—,—,—,—,—,—,—,—,—,—
5298,NP GR 5Y avg,—,-19.57,7.72,3.41,5.00,4.27,—,—,—,—,—
5298,NP GR 10Y avg,0.0,0.0,0.0,0.0,0.0,0.0,0.0,0.0,0.0,0.0,0.0
5298,EPS GR,—,-90.51,-64.71,80.68,—,—,—,—,—,—,—
5298,EPS GR 3Y avg,—,-60.74,92.38,—,—,—,—,—,—,—,—
5298,EPS GR 5Y avg,—,—,—,—,—,—,—,—,—,—,—
5298,EPS GR 10Y avg,—,-22.41,3.75,-0.77,-0.77,-6.06,—,—,—,—,—
5298,OCF GR,—,-22.43,-45.04,34.23,501.25,—,—,—,-39.50,219.55,-8.12
5298,FCF GR,—,278.97,-89.41,69.06,—,—,—,—,—,—,—
5298,D/E,0.72,0.72,0.91,1.12,2.06,4.01,4.99,1.94,0.71,0.27,0.24
9946,Price,0.2100,0.2800,0.3900,0.4800,2.2700,1.5300,1.5100,0.8000,0.7500,0.4900,0.6900
