code,detail,TTM,Y1,Y2,Y3,Y4,Y5,Y6,Y7,Y8,Y9,Y10
7100,Year End,TTM,2020-12,2019-12,2018-12,2017-12,2016-12,2015-12,2014-12,2013-12,2012-12,2011-12
7100,Revenue,159,155,157,140,137,121,113,95,94,92,103
7100,NP,88,84,76,69,71,56,49,40,39,45,49
7100,EPS,0.19,0.19,0.17,0.15,0.16,0.13,0.12,0.10,0.10,0.11,0.12
7100,DPS,0.16,0.16,0.14,0.15,0.07,0.11,0.09,0.10,0.10,0.11,0.11
7100,Div Payout,82.3,101.8,82.5,100.6,34.4,73.6,88.5,80.4,117.3,98.9,56.4
7100,Shares,453,452,453,453,442,415,419,410,407,406,406
7100,BVPS,0.45,0.39,0.39,0.36,0.61,0.59,0.54,0.49,0.46,0.46,0.44
7100,OCF,86,86,84,63,68,56,47,49,47,47,54
7100,FCF,85,85,83,54,67,53,47,37,30,20,42
7100,NP Margin,55.22,53.99,48.48,49.30,51.62,45.91,43.78,42.02,41.58,48.57,47.38
7100,ROE,46.14,49.09,48.53,35.65,28.89,23.02,23.27,20.89,20.67,23.93,26.57
7100,Revenue GR,11.40,-0.90,11.94,2.48,12.98,7.36,17.97,1.59,1.81,-10.66,2.40
7100,Revenue GR 3Y avg,—,4.36,9.03,7.52,12.68,8.76,6.86,-2.60,-2.34,3.54,-5.62
7100,Revenue GR 5Y avg,—,6.63,10.42,8.30,8.15,3.19,2.22,2.80,-5.23,-10.07,-7.58
7100,Revenue GR 10Y avg,—,4.41,6.54,1.31,-1.38,-2.34,—,—,—,—,—
7100,NP GR,—,5.94,11.02,11.86,20.68,12.41,3.22,-6.42,-9.42,18.48,-5.91
7100,NP GR 3Y avg,—,11.20,13.62,12.05,9.48,2.55,-1.28,8.27,-7.83,-10.54,-10.22
7100,NP GR 5Y avg,—,4.78,10.92,1.62,-1.03,-4.05,—,—,—,—,—
7100,NP GR 10Y avg,0.0,0.0,0.0,0.0,0.0,0.0,0.0,0.0,0.0,0.0,0.0
7100,EPS GR,25.14,10.62,10.05,-4.57,19.37,13.57,20.24,1.99,-12.94,-8.43,-6.47
7100,EPS GR 3Y avg,—,5.12,7.82,8.96,17.69,11.67,2.20,-6.67,-9.32,18.63,-5.72
7100,EPS GR 5Y avg,—,9.51,11.35,9.67,7.67,2.11,-1.78,8.19,-7.75,-10.30,-10.03
7100,EPS GR 10Y avg,—,3.71,9.76,0.58,-1.72,-4.15,—,—,—,—,—
7100,OCF GR,—,1.96,32.64,-7.27,22.37,18.49,-4.66,6.13,0.08,-13.25,10.34
7100,FCF GR,—,2.05,53.87,-19.46,27.03,12.87,26.79,23.64,45.91,-51.28,-9.76
7100,D/E,—,—,—,—,—,—,—,—,—,—,—
7100,Price,3.1300,2.6000,2.7800,2.5400,3.3100,1.7800,1.7400,1.4300,1.3700,1.1600,1.0900
7103,Year End,TTM,2020-12,2019-12,2018-12,2017-12,2016-05,2015-05,2014-05,2013-05,2012-05,2011-05
7103,Revenue,291,308,374,348,314,288,254,239,202,178,148
7103,NP,33,36,31,24,25,28,23,22,19,11,8
7103,EPS,0.15,0.17,0.15,0.12,0.14,0.18,0.15,0.14,0.14,0.08,0.06
7103,DPS,0.04,0.04,0.04,0.06,0.04,0.05,0.04,0.04,0.03,0.03,0.03
7103,Div Payout,29.3,35.5,26.1,39.9,34.7,—,—,—,—,—,—
7103,Shares,214,214,214,210,184,158,151,147,140,131,131
7103,BVPS,2.15,2.04,1.94,1.84,1.45,—,—,—,—,—,—
7103,OCF,70,71,33,34,46,35,55,34,30,23,27
7103,FCF,41,45,-32,-5,30,13,38,11,21,14,-11
7103,NP Margin,11.29,11.56,8.35,6.97,8.12,9.87,8.99,9.03,9.52,5.94,5.48
7103,ROE,7.52,8.30,7.77,6.33,7.67,12.00,11.31,12.16,12.13,7.24,5.80
7103,Revenue GR,-18.05,-17.61,7.68,10.78,5.52,13.62,6.25,18.23,13.31,20.67,—
7103,Revenue GR 3Y avg,—,-0.58,7.56,9.18,7.92,12.59,12.49,17.37,15.33,18.08,—
7103,Revenue GR 5Y avg,—,3.56,8.38,10.21,10.66,14.31,14.02,17.14,15.38,18.34,—
7103,Revenue GR 10Y avg,—,8.37,12.43,12.62,14.21,15.33,—,—,—,—,—
7103,NP GR,—,11.86,2.64,1.69,4.75,13.95,29.16,38.61,15.32,9.22,—
7103,NP GR 3Y avg,—,8.32,6.86,4.22,17.02,28.58,12.71,21.56,19.68,22.64,—
7103,NP GR 5Y avg,—,10.37,13.56,11.25,19.63,24.08,—,—,—,—,—
7103,NP GR 10Y avg,0.0,0.0,0.0,0.0,0.0,0.0,0.0,0.0,0.0,0.0,0.0
7103,EPS GR,-30.98,14.21,26.26,-16.56,-15.31,19.21,3.42,5.80,70.37,30.67,—
7103,EPS GR 3Y avg,—,6.36,-5.72,-7.22,-1.50,9.26,23.07,33.05,12.86,9.21,—
7103,EPS GR 5Y avg,—,1.75,-0.04,-3.15,10.05,23.76,9.48,18.61,11.53,15.78,—
7103,EPS GR 10Y avg,—,5.33,8.37,3.52,12.71,18.29,—,—,—,—,—
7103,OCF GR,—,117.55,-5.25,-25.87,19.76,-37.23,61.51,15.74,26.92,-14.82,—
7103,FCF GR,—,—,—,—,71.77,-67.13,259.66,-48.90,44.50,—,—
7103,D/E,—,—,—,0.01,0.02,0.03,0.03,0.09,0.13,0.24,0.33
7103,Price,2.0000,1.9700,2.2500,2.1000,2.3500,2.4400,2.5700,2.1300,1.9300,1.8000,1.4200
7106,Year End,TTM,2020-06,2019-06,2018-06,2017-06,2015-12,2014-12,2013-12,2012-12,2011-12,2010-12
7106,Revenue,"6,218","2,132","1,538","1,304","1,127","1,053","1,004","1,048",997,"1,021",977
7106,NP,"3,253",525,123,107,67,127,96,120,122,104,159
7106,EPS,1.20,0.20,0.05,0.04,0.02,0.04,0.03,0.04,0.04,0.04,0.06
7106,DPS,0.03,—,0.01,0.02,0.01,0.01,0.01,0.01,—,0.01,0.01
7106,Div Payout,3.2,—,44.3,54.7,26.8,—,—,—,—,—,—
7106,Shares,"3,652","2,672","2,680","2,729","2,782","2,824","2,819","2,820","2,820","2,824","2,751"
7106,BVPS,1.58,0.47,0.40,0.40,0.38,—,—,—,—,—,—
7106,OCF,"4,519","1,304",235,177,121,99,158,143,164,56,62
7106,FCF,"4,148","1,113",123,118,9,-22,-20,42,94,18,16
7106,NP Margin,52.32,24.62,8.00,8.18,5.96,12.06,9.52,11.42,12.20,10.20,16.26
7106,ROE,120.71,39.57,11.53,10.26,6.44,12.81,10.37,13.82,15.19,14.26,25.42
7106,Revenue GR,333.21,38.60,17.92,15.76,4.62,4.86,-4.18,5.09,-2.35,4.51,—
7106,Revenue GR 3Y avg,—,23.68,11.43,7.76,2.09,1.83,-0.56,2.36,7.47,7.95,—
7106,Revenue GR 5Y avg,—,14.66,7.22,5.00,1.80,1.51,4.56,5.24,11.67,20.60,—
7106,Revenue GR 10Y avg,—,9.73,6.27,8.12,10.35,—,—,—,—,—,—
7106,NP GR,—,98.40,-0.88,3.16,-15.21,1.42,-2.81,-9.01,-1.30,30.38,—
7106,NP GR 3Y avg,—,36.27,0.51,-2.37,-7.66,-4.39,-5.45,20.56,16.82,21.25,—
7106,NP GR 5Y avg,—,14.50,9.60,6.34,5.13,—,—,—,—,—,—
7106,NP GR 10Y avg,0.0,0.0,0.0,0.0,0.0,0.0,0.0,0.0,0.0,0.0,0.0
7106,EPS GR,—,334.27,16.07,61.32,-33.93,32.48,-20.08,-1.62,17.01,-36.16,—
7106,EPS GR 3Y avg,—,101.09,0.17,4.03,-14.89,1.37,-2.74,-9.76,-9.47,19.79,—
7106,EPS GR 5Y avg,—,37.60,1.16,-1.84,-7.41,-4.89,-10.22,14.62,8.41,28.51,—
7106,EPS GR 10Y avg,—,12.28,7.36,2.91,8.23,—,—,—,—,—,—
7106,OCF GR,—,454.76,32.66,46.72,14.20,-37.25,10.13,-12.46,189.86,-9.41,—
7106,FCF GR,—,806.21,3.82,—,—,—,—,-55.98,415.95,16.81,—
7106,D/E,0.02,0.07,0.05,0.06,0.10,0.10,0.15,0.14,0.14,0.18,0.20
7106,Price,3.8100,8.0000,1.6700,4.1700,1.9900,2.1500,1.6800,2.7700,1.9300,1.9100,1.9900
7107,Year End,TTM,2020-03,2019-03,2018-03,2017-03,2016-03,2015-03,2014-03,2013-03,2012-03,2011-03
7107,Revenue,283,267,287,288,256,245,237,227,212,195,149
7107,NP,13,10,14,11,18,25,22,16,13,13,9
7107,EPS,0.05,0.04,0.06,0.05,0.07,0.11,0.09,0.13,0.11,0.11,0.07
7107,DPS,0.01,0.01,0.01,0.04,0.04,0.07,0.05,0.04,0.04,0.04,0.05
7107,Div Payout,34.7,37.4,32.2,67.3,52.9,50.0,32.0,31.0,36.6,68.9,—
7107,Shares,240,240,240,240,240,240,240,120,120,120,120
7107,BVPS,0.85,0.81,0.81,0.77,0.75,0.73,1.29,1.19,2.11,0.97,—
7107,OCF,30,28,17,7,14,37,24,24,21,9,13
7107,FCF,24,21,5,-11,-20,17,5,18,5,-1,8
7107,NP Margin,4.65,3.75,4.96,3.89,7.12,10.39,9.07,7.13,6.02,6.70,5.83
7107,ROE,6.59,5.21,7.59,6.10,10.26,15.27,14.14,11.68,9.92,10.84,7.57
7107,Revenue GR,3.81,-6.85,-0.61,12.58,4.56,3.33,4.47,6.97,8.62,30.79,—
7107,Revenue GR 3Y avg,—,1.39,5.37,6.75,4.12,4.91,6.67,14.97,19.05,18.13,—
7107,Revenue GR 5Y avg,—,2.40,4.78,6.33,5.57,10.41,13.52,13.88,11.26,9.24,—
7107,Revenue GR 10Y avg,—,7.82,9.24,8.77,7.39,8.48,—,—,—,—,—
7107,NP GR,—,-18.11,-17.65,-19.54,4.11,25.85,18.01,22.95,0.99,10.25,—
7107,NP GR 3Y avg,—,-14.17,-2.54,-2.59,6.87,23.96,11.64,10.61,21.79,9.35,—
7107,NP GR 5Y avg,—,-2.11,3.83,8.92,8.10,13.49,—,—,—,—,—
7107,NP GR 10Y avg,0.0,0.0,0.0,0.0,0.0,0.0,0.0,0.0,0.0,0.0,0.0
7107,EPS GR,-8.20,-29.62,26.87,-38.55,-28.37,-40.81,33.02,26.59,-2.38,50.41,—
7107,EPS GR 3Y avg,—,-18.13,-17.65,-36.13,-17.38,-0.11,18.02,22.95,1.10,10.19,—
7107,EPS GR 5Y avg,—,-25.30,-15.15,-15.19,-6.97,7.91,11.72,10.58,22.56,9.43,—
7107,EPS GR 10Y avg,—,-8.65,-3.14,1.95,0.90,5.87,—,—,—,—,—
7107,OCF GR,—,65.57,149.61,-51.71,-62.15,49.75,3.55,9.67,150.23,-33.83,—
7107,FCF GR,—,292.57,—,—,—,270.54,-73.50,227.74,—,—,—
7107,D/E,0.03,0.05,0.08,0.07,0.06,0.03,0.06,0.03,0.04,0.01,0.02
7107,Price,0.8300,0.8300,0.5700,0.7700,0.9550,1.5600,2.2900,4.1900,2.4600,1.7000,1.5200
7113,Year End,TTM,2020-08,2019-08,2018-08,2017-08,2016-08,2015-08,2014-08,2013-08,2012-08,2011-08
7113,Revenue,"17,397","7,237","4,801","4,214","3,409","2,889","2,511","2,275","2,313","2,314","2,054"
7113,NP,"8,505","1,778",365,434,329,361,280,181,197,203,113
7113,EPS,1.05,0.22,0.05,0.06,0.04,0.05,0.04,0.02,0.03,0.03,0.02
7113,DPS,0.54,0.05,0.03,0.03,0.02,0.02,0.01,0.01,0.01,0.01,0.01
7113,Div Payout,51.1,29.8,55.9,42.6,60.6,31.3,44.3,54.4,46.7,41.3,29.0
7113,Shares,"8,062","8,016","7,973","7,618","7,520","7,519","7,505","7,458","7,443","7,431","7,428"
7113,BVPS,1.02,0.57,0.32,0.30,0.25,0.23,0.20,0.18,0.18,0.16,0.15
7113,OCF,"10,576","3,456",526,342,381,434,336,309,247,266,172
7113,FCF,"9,184","2,640",-98,-117,-100,202,131,116,-32,120,31
7113,NP Margin,48.52,24.22,7.60,10.30,9.64,12.49,11.14,7.93,8.49,8.76,5.51
7113,ROE,131.45,40.28,14.84,19.82,17.20,21.06,18.64,13.25,15.19,17.06,10.21
7113,Revenue GR,146.56,50.74,13.92,23.62,18.03,15.06,10.33,-1.64,-0.05,12.68,-1.23
7113,Revenue GR 3Y avg,—,28.52,18.46,18.85,14.43,7.68,2.75,3.47,3.62,14.82,14.23
7113,Revenue GR 5Y avg,—,23.58,16.11,12.75,8.05,7.06,3.84,8.27,10.92,13.50,15.65
7113,Revenue GR 10Y avg,—,13.28,12.12,11.83,10.74,11.27,14.61,—,—,—,—
7113,NP GR,—,75.57,0.36,15.78,22.10,22.44,11.34,16.87,-7.76,6.45,1.52
7113,NP GR 3Y avg,—,44.75,15.10,17.18,10.14,26.11,2.24,1.44,12.70,14.53,7.42
7113,NP GR 5Y avg,—,21.66,8.05,14.92,12.31,16.39,17.99,—,—,—,—
7113,NP GR 10Y avg,0.0,0.0,0.0,0.0,0.0,0.0,0.0,0.0,0.0,0.0,0.0
7113,EPS GR,479.93,361.51,-16.21,29.52,-9.00,27.43,55.49,-8.30,-3.24,79.20,-53.97
7113,EPS GR 3Y avg,—,71.09,-0.42,14.52,21.71,22.02,11.32,16.72,-7.24,4.58,-0.58
7113,EPS GR 5Y avg,—,42.17,14.37,16.45,9.85,25.80,2.62,0.30,11.25,12.66,4.60
7113,EPS GR 10Y avg,—,20.79,7.10,13.82,11.25,14.71,16.13,—,—,—,—
7113,OCF GR,—,556.72,53.88,-10.27,-12.13,29.00,8.97,24.90,-6.99,54.29,-19.38
7113,FCF GR,—,—,—,—,—,55.10,12.39,—,—,288.71,-75.25
7113,D/E,0.02,0.04,0.54,0.56,0.03,0.04,0.07,—,—,—,—
7113,Price,5.1800,26.2800,4.7500,11.1400,5.6100,4.2500,7.7200,4.7900,6.1400,5.2900,4.8600
7130,Year End,TTM,2020-06,2019-06,2018-06,2017-06,2014-12,2013-12,2012-12,2011-12,2010-12,2009-12
7130,Revenue,324,96,13,6,4,7,6,12,16,18,19
7130,NP,39,13,—,-5,-7,-4,-5,-3,-1,—,—
7130,EPS,0.10,0.04,—,-0.02,-0.03,-0.02,-0.02,-0.01,—,—,—
7130,DPS,0.01,—,—,—,—,—,—,—,—,—,—
7130,Div Payout,5.7,—,—,—,—,—,—,—,—,—,—
7130,Shares,337,316,305,305,226,226,226,226,226,226,226
7130,BVPS,0.30,0.10,0.07,0.08,0.09,—,—,—,—,—,—
7130,OCF,5,11,-2,-9,-2,-7,2,3,-1,2,—
7130,FCF,5,10,-2,-9,-2,-7,-7,2,-1,1,—
7130,NP Margin,11.98,13.34,3.68,-86.97,-183.15,-57.59,-94.74,-25.30,-5.75,-1.25,0.60
7130,ROE,43.47,19.61,2.00,-24.25,-34.90,-12.53,-15.46,-7.51,-2.19,-0.55,0.27
7130,Revenue GR,334.47,625.15,130.86,45.90,-19.35,15.92,-50.81,-25.75,-14.18,—,—
7130,Revenue GR 3Y avg,—,190.14,16.24,-0.26,-21.68,-24.91,-32.07,-14.51,—,—,—
7130,Revenue GR 5Y avg,—,53.97,1.79,-14.51,-21.21,-18.65,—,-3.05,-0.01,—,—
7130,Revenue GR 10Y avg,—,15.17,-0.50,-8.03,—,—,—,—,—,—,—
7130,NP GR,—,—,—,—,—,—,—,—,—,—,—
7130,NP GR 3Y avg,—,—,—,—,—,—,—,—,—,—,—
7130,NP GR 5Y avg,—,33.83,—,—,—,—,—,—,—,—,—
7130,NP GR 10Y avg,0.0,0.0,0.0,0.0,0.0,0.0,0.0,0.0,0.0,0.0,0.0
7130,EPS GR,422.88,—,—,—,—,—,—,—,—,—,—
7130,EPS GR 3Y avg,—,—,—,—,—,—,—,—,—,—,—
7130,EPS GR 5Y avg,—,—,—,—,—,—,—,—,—,—,—
7130,EPS GR 10Y avg,—,30.19,—,—,—,—,—,—,—,—,—
7130,OCF GR,—,—,—,—,—,—,-20.88,—,—,—,—
7130,FCF GR,—,—,—,—,—,—,—,—,—,—,—
7130,D/E,0.04,0.02,0.10,0.12,0.19,0.15,—,—,—,—,0.01
7130,Price,1.8700,2.3000,0.8100,0.4500,0.9750,0.4300,0.4500,0.2500,0.2400,0.2000,0.2800
7133,Year End,TTM,2020-12,2019-12,2018-12,2017-12,2016-12,2015-12,2014-12,2013-12,2012-12,2011-12
7133,Revenue,168,159,193,204,200,201,179,172,154,147,143
7133,NP,14,4,-2,3,19,31,26,23,17,17,16
7133,EPS,0.06,0.02,-0.01,0.02,0.13,0.14,0.13,0.12,0.08,0.08,0.08
7133,DPS,0.01,—,—,—,0.02,0.10,0.08,0.05,0.03,0.03,0.05
7133,Div Payout,15.8,—,—,—,36.0,60.0,61.7,50.2,19.1,38.7,21.8
7133,Shares,218,218,218,182,145,218,205,198,198,198,198
7133,BVPS,1.36,1.31,1.31,1.33,1.31,1.26,1.18,1.02,0.96,0.91,0.80
7133,OCF,42,42,16,18,-18,24,22,35,23,6,31
7133,FCF,38,40,14,15,-48,-16,9,27,4,—,28
7133,NP Margin,8.17,2.21,-0.79,1.40,9.57,15.48,14.51,13.48,10.75,11.56,11.56
7133,ROE,4.73,1.22,-0.53,1.00,6.89,11.80,11.26,11.72,8.95,9.87,10.19
7133,Revenue GR,23.01,-17.73,-4.94,1.78,-0.55,12.21,4.01,11.62,4.80,3.28,3.28
7133,Revenue GR 3Y avg,—,-7.32,-1.28,4.33,5.09,9.22,6.76,6.51,3.79,1.85,-3.33
7133,Revenue GR 5Y avg,—,-2.34,2.35,5.69,6.31,7.12,5.35,4.33,-0.45,0.23,6.43
7133,Revenue GR 10Y avg,—,1.43,3.33,2.58,3.22,6.77,—,—,—,—,—
7133,NP GR,—,-43.19,—,-52.14,-6.25,23.33,15.16,12.12,-2.99,-7.84,-8.13
7133,NP GR 3Y avg,—,-33.00,—,-29.69,2.37,13.56,7.43,1.32,-4.84,10.69,14.39
7133,NP GR 5Y avg,—,-15.16,—,-18.20,6.45,13.97,—,—,—,—,—
7133,NP GR 10Y avg,0.0,0.0,0.0,0.0,0.0,0.0,0.0,0.0,0.0,0.0,0.0
7133,EPS GR,—,—,—,-82.25,-38.50,12.73,8.01,40.02,-2.56,3.28,-9.30
7133,EPS GR 3Y avg,—,-43.20,—,-50.26,-9.19,19.46,13.80,12.11,-2.99,-7.84,-8.11
7133,EPS GR 5Y avg,—,-33.81,—,-28.55,0.43,11.40,6.66,1.32,-4.83,10.67,14.42
7133,EPS GR 10Y avg,—,-15.98,—,-17.54,5.43,12.90,—,—,—,—,—
7133,OCF GR,—,162.39,-11.45,—,—,8.41,-37.36,54.37,259.77,-79.95,242.28
7133,FCF GR,—,188.31,-6.10,—,—,—,-65.90,561.79,—,—,—
7133,D/E,0.01,0.02,0.03,0.02,0.02,0.02,0.02,—,—,—,—
7133,Price,0.9600,1.2300,0.4950,0.6000,3.4000,3.4300,5.4500,1.7600,1.1000,0.7000,0.7400
7137,Year End,TTM,2020-09,2019-09,2018-09,2017-09,2016-09,2015-09,2014-09,2013-09,2012-09,2011-09
7137,Revenue,61,57,68,86,83,96,75,83,86,82,81
7137,NP,4,1,3,6,5,8,16,12,10,13,11
7137,EPS,0.09,0.03,0.05,0.14,0.13,0.19,0.39,0.29,0.25,0.32,0.27
7137,DPS,0.06,0.06,0.06,0.06,0.06,0.06,0.06,0.06,0.06,0.06,0.06
7137,Div Payout,64.6,94.3,79.1,45.0,40.6,27.2,15.7,22.0,16.6,22.0,22.0
7137,Shares,41,41,41,41,41,41,41,41,41,41,41
7137,BVPS,4.06,3.90,3.94,3.92,3.90,3.81,3.69,3.40,3.19,2.90,2.81
7137,OCF,1,6,3,11,—,8,9,7,11,6,8
7137,FCF,—,5,—,4,-4,-5,6,3,6,3,5
7137,NP Margin,6.24,2.37,4.43,6.77,6.49,8.17,21.34,14.32,12.08,16.08,13.74
7137,ROE,2.32,0.84,1.85,3.60,3.36,5.02,10.87,8.84,8.17,11.00,10.07
7137,Revenue GR,20.96,-15.72,-21.09,4.31,-14.08,28.28,-9.61,-3.05,4.60,1.08,12.90
7137,Revenue GR 3Y avg,—,-11.48,-10.91,4.76,-0.12,3.98,-2.86,0.83,6.08,5.88,2.38
7137,Revenue GR 5Y avg,—,-5.23,-3.89,0.15,0.21,3.52,0.90,3.78,2.56,3.77,4.85
7137,Revenue GR 10Y avg,—,-2.21,-0.13,1.35,1.97,4.18,—,—,—,—,—
7137,NP GR,—,-36.69,-27.34,-28.55,-23.28,-8.72,6.75,2.21,5.68,23.50,8.49
7137,NP GR 3Y avg,—,-38.92,-23.98,-10.80,-16.43,-6.71,12.82,11.20,3.48,9.77,21.22
7137,NP GR 5Y avg,—,-16.99,-8.05,-3.92,-4.22,6.34,—,—,—,—,—
7137,NP GR 10Y avg,0.0,0.0,0.0,0.0,0.0,0.0,0.0,0.0,0.0,0.0,0.0
7137,EPS GR,230.68,-54.93,-48.33,8.80,-31.75,-50.89,34.75,14.88,-21.41,18.27,27.02
7137,EPS GR 3Y avg,—,-36.72,-27.33,-28.55,-23.27,-8.73,6.75,2.21,5.69,23.50,8.49
7137,EPS GR 5Y avg,—,-38.93,-23.98,-10.80,-16.42,-6.71,12.82,11.20,3.49,9.77,21.22
7137,EPS GR 10Y avg,—,-17.00,-8.05,-3.92,-4.22,6.34,—,—,—,—,—
7137,OCF GR,—,99.40,-73.55,—,-95.93,-6.40,16.61,-34.76,84.47,-25.24,-27.00
7137,FCF GR,—,—,-91.76,—,—,—,128.58,-53.68,65.53,-31.41,-51.57
7137,D/E,—,—,—,—,—,—,—,—,—,—,—
7137,Price,1.7700,1.7000,1.9900,2.3000,2.5000,2.8700,2.6000,3.0000,2.5900,1.8600,1.5800
7140,Year End,TTM,2020-03,2019-03,2018-03,2017-03,2016-03,2015-03,2014-03,2013-03,2012-03,2011-03
7140,Revenue,106,119,129,144,167,153,163,145,133,121,111
7140,NP,12,11,11,25,28,21,15,13,6,5,6
7140,EPS,0.05,0.04,0.04,0.10,0.12,0.08,0.06,0.35,0.03,0.03,0.03
7140,DPS,0.04,0.06,0.02,0.05,0.02,0.03,0.02,0.01,0.01,0.01,0.01
7140,Div Payout,81.9,110.2,123.6,33.1,33.1,27.6,21.0,21.9,27.6,32.0,—
7140,Shares,245,245,245,246,239,234,230,38,180,180,180
7140,BVPS,0.74,0.73,0.75,0.72,0.62,0.56,0.51,0.57,0.54,0.46,—
7140,OCF,10,13,16,18,25,31,19,19,12,7,5
7140,FCF,5,10,1,13,21,27,14,13,7,-1,-1
7140,NP Margin,11.25,9.49,8.45,17.04,16.98,13.49,9.16,9.20,4.26,4.09,5.05
7140,ROE,6.63,6.45,6.14,14.28,18.78,15.89,12.93,12.91,5.94,5.62,6.98
7140,Revenue GR,13.16,-7.84,-10.56,-13.35,9.00,-6.34,12.27,9.27,9.89,8.78,—
7140,Revenue GR 3Y avg,—,-10.61,-5.47,-4.00,4.65,4.74,10.47,9.31,8.90,4.67,—
7140,Revenue GR 5Y avg,—,-6.12,-2.34,1.65,6.60,6.55,9.64,6.61,10.06,12.93,—
7140,Revenue GR 10Y avg,—,1.46,2.03,5.77,9.72,10.09,—,—,—,—,—
7140,NP GR,—,-26.36,-19.11,18.06,28.35,53.77,44.56,33.53,13.57,7.17,—
7140,NP GR 3Y avg,—,-5.46,-3.98,34.11,41.71,29.71,31.03,27.18,30.16,—,—
7140,NP GR 5Y avg,—,11.30,10.50,32.12,—,21.04,—,—,—,—,—
7140,NP GR 10Y avg,0.0,0.0,0.0,0.0,0.0,0.0,0.0,0.0,0.0,0.0,0.0
7140,EPS GR,90.80,3.37,-55.53,-15.29,34.24,35.52,-12.29,134.78,14.67,-11.86,—
7140,EPS GR 3Y avg,—,-26.98,-20.33,15.51,16.86,40.79,33.16,33.38,13.62,7.18,—
7140,EPS GR 5Y avg,—,-6.66,-9.68,25.98,33.85,23.05,24.74,27.09,30.18,—,—
7140,EPS GR 10Y avg,—,7.90,7.14,28.06,—,17.89,—,—,—,—,—
7140,OCF GR,—,-15.24,-13.64,-29.11,-19.07,61.71,0.68,61.21,65.90,46.73,—
7140,FCF GR,—,—,-95.27,-36.78,-22.33,88.53,13.38,79.18,—,—,—
7140,D/E,—,—,—,—,—,—,—,—,—,0.01,—
7140,Price,0.8200,0.8200,0.5100,0.6700,1.4000,1.4600,0.9950,0.9600,1.6100,0.5800,0.5100
7148,Year End,TTM,2020-12,2019-12,2018-12,2017-12,2016-12,2015-12,2014-12,2013-12,2012-12,2011-12
7148,Revenue,578,570,576,499,468,313,270,177,162,135,138
7148,NP,63,59,55,48,42,27,36,35,32,26,27
7148,EPS,0.09,0.08,0.08,0.07,0.07,0.04,0.08,0.08,0.07,0.06,0.06
7148,DPS,0.06,0.06,0.05,0.04,0.03,0.03,0.06,0.06,0.05,0.06,0.05
7148,Div Payout,61.3,82.0,63.5,52.4,46.3,90.8,90.3,74.3,64.4,96.0,79.9
7148,Shares,706,693,670,656,651,651,471,437,437,437,437
7148,BVPS,0.90,0.84,0.74,0.76,0.73,0.70,0.69,0.43,0.41,0.39,0.36
7148,OCF,59,71,67,72,56,33,-51,36,40,38,19
7148,FCF,-21,6,6,-20,-19,-1,-92,24,31,28,12
7148,NP Margin,10.85,10.28,9.59,9.55,9.07,8.57,13.49,19.93,19.87,19.23,19.33
7148,ROE,10.62,9.99,10.94,9.92,9.09,5.93,11.31,18.75,18.28,15.53,16.57
7148,Revenue GR,4.88,-1.14,15.59,6.57,49.55,15.99,52.46,8.96,20.02,-2.04,5.09
7148,Revenue GR 3Y avg,—,6.79,22.58,22.73,38.29,24.44,25.86,8.61,7.31,3.02,3.98
7148,Revenue GR 5Y avg,—,16.13,26.64,25.16,28.17,17.77,15.47,7.41,5.74,3.21,5.62
7148,Revenue GR 10Y avg,—,15.80,16.63,15.04,15.01,11.53,—,—,—,—,—
7148,NP GR,—,11.34,27.25,9.39,6.38,-5.98,11.84,9.72,4.03,-4.89,-0.86
7148,NP GR 3Y avg,—,10.00,9.40,8.10,10.30,0.09,4.89,3.13,3.33,-4.08,-1.62
7148,NP GR 5Y avg,—,7.41,6.22,5.69,2.86,-0.77,—,—,—,—,—
7148,NP GR 10Y avg,0.0,0.0,0.0,0.0,0.0,0.0,0.0,0.0,0.0,0.0,0.0
7148,EPS GR,25.76,2.55,13.64,11.30,58.54,-46.81,-4.17,9.29,24.07,-2.60,-6.84
7148,EPS GR 3Y avg,—,9.05,26.10,-2.09,-6.86,-17.72,9.12,9.72,4.03,-4.89,-0.85
7148,EPS GR 5Y avg,—,1.81,0.44,-0.34,1.84,-7.61,3.35,3.13,3.33,-4.09,-1.63
7148,EPS GR 10Y avg,—,2.57,1.78,1.47,-1.17,-4.67,—,—,—,—,—
7148,OCF GR,—,6.56,-7.43,29.05,68.61,—,—,-9.00,2.72,98.71,-51.63
7148,FCF GR,—,-5.54,—,—,—,—,—,-23.28,9.09,135.40,-15.47
7148,D/E,0.40,0.39,0.27,0.25,0.19,0.20,0.23,—,—,—,0.01
7148,Price,2.7500,3.3800,1.4200,0.9500,2.5300,1.9800,2.6200,2.5000,2.5800,2.1300,2.0200
7149,Year End,TTM,2020-12,2019-12,2018-12,2017-12,2016-12,2015-12,2014-12,2013-12,2012-12,2011-12
7149,Revenue,49,51,49,58,57,62,59,64,65,84,96
7149,NP,3,3,1,7,1,3,3,6,8,13,13
7149,EPS,0.03,0.02,0.01,0.06,0.01,0.02,0.03,0.05,0.07,0.11,0.11
7149,DPS,0.02,—,0.01,0.03,0.02,0.03,0.03,0.06,0.09,0.08,0.14
7149,Div Payout,82.5,—,394.7,27.2,299.4,183.1,101.4,162.9,121.3,75.3,77.2
7149,Shares,118,118,118,118,118,122,120,118,116,116,114
7149,BVPS,0.61,0.62,0.60,0.61,0.58,0.59,0.60,0.60,0.61,0.68,0.69
7149,OCF,-4,-2,11,—,3,1,5,12,9,14,17
7149,FCF,-5,-2,11,—,2,—,4,12,9,13,16
7149,NP Margin,6.10,5.16,1.59,11.91,2.44,4.67,5.68,8.77,12.04,15.42,13.41
7149,ROE,4.18,3.66,1.09,9.76,2.00,4.16,4.68,7.78,10.32,16.76,16.59
7149,Revenue GR,-17.28,4.54,-15.12,1.82,-8.92,6.41,-8.82,-1.22,-22.83,-11.80,-1.87
7149,Revenue GR 3Y avg,—,-3.33,-7.67,-0.44,-4.04,-1.41,-11.42,-12.40,-12.59,3.71,9.63
7149,Revenue GR 5Y avg,—,-2.62,-5.25,-2.33,-7.60,-8.19,-9.66,-3.19,-2.16,5.27,3.19
7149,Revenue GR 10Y avg,—,-6.21,-4.22,-2.24,-1.37,-2.66,—,—,—,—,—
7149,NP GR,—,24.04,-35.61,27.40,-37.34,-28.07,-36.48,-23.95,-13.29,23.90,4.91
7149,NP GR 3Y avg,—,-4.49,-32.71,-2.53,-36.08,-25.64,-22.63,-3.77,-6.74,2.63,-3.39
7149,NP GR 5Y avg,—,-14.04,-19.53,-4.66,-19.01,-15.24,—,—,—,—,—
7149,NP GR 10Y avg,0.0,0.0,0.0,0.0,0.0,0.0,0.0,0.0,0.0,0.0,0.0
7149,EPS GR,89.47,239.09,-88.69,396.43,-51.00,-13.42,-42.03,-28.94,-40.08,0.11,5.92
7149,EPS GR 3Y avg,—,23.92,-34.97,28.18,-37.35,-29.09,-37.27,-24.74,-14.03,23.06,4.94
7149,EPS GR 5Y avg,—,-4.19,-32.70,-2.80,-36.32,-26.54,-23.52,-4.52,-7.07,2.50,-3.38
7149,EPS GR 10Y avg,—,-14.40,-19.84,-4.96,-19.21,-15.75,—,—,—,—,—
7149,OCF GR,—,—,—,-85.54,119.27,-73.12,-59.58,30.44,-33.38,-19.29,59.74
7149,FCF GR,—,—,—,—,551.98,-92.22,-64.74,34.38,-33.98,-18.47,59.13
7149,D/E,—,—,—,—,—,0.01,—,—,—,—,—
7149,Price,1.5800,1.0000,0.9850,0.9350,1.3100,1.7000,2.4600,2.1800,2.5300,3.4500,2.9200
7152,Year End,TTM,2020-07,2019-07,2018-07,2017-07,2016-07,2015-07,2014-07,2013-07,2012-07,2011-07
7152,Revenue,390,309,322,300,—,289,248,236,209,237,192
7152,NP,36,17,20,10,25,21,8,9,5,10,3
7152,EPS,0.27,0.13,0.15,0.08,0.18,0.15,0.06,0.06,0.04,0.07,0.02
7152,DPS,0.15,0.10,0.08,0.06,0.15,0.04,0.04,0.04,0.04,0.02,0.04
7152,Div Payout,56.0,55.5,54.7,116.4,61.0,30.8,60.8,89.1,53.5,26.7,72.0
7152,Shares,135,135,135,137,137,137,137,137,137,137,137
7152,BVPS,1.33,1.21,1.14,1.09,1.11,1.02,0.93,0.90,0.90,0.88,0.85
7152,OCF,46,28,31,17,32,35,13,31,12,9,2
7152,FCF,37,22,25,8,26,26,5,25,-1,3,-6
7152,NP Margin,9.25,5.63,6.16,3.43,—,7.25,3.22,3.65,2.43,4.34,1.33
7152,ROE,21.09,10.71,12.66,6.78,16.67,15.34,6.29,6.98,4.18,8.71,2.21
7152,Revenue GR,68.94,-3.91,7.32,—,—,16.76,4.90,12.92,-11.55,23.20,-15.55
7152,Revenue GR 3Y avg,—,—,3.61,6.56,—,11.42,1.57,7.16,-2.73,-2.16,-12.20
7152,Revenue GR 5Y avg,—,4.53,6.38,7.47,—,8.55,1.74,-1.33,-5.91,-3.51,-4.21
7152,Revenue GR 10Y avg,—,3.12,2.45,0.56,—,1.97,—,—,—,—,—
7152,NP GR,—,-11.00,-1.89,8.78,41.99,60.38,-7.99,50.15,-28.52,-5.86,-15.21
7152,NP GR 3Y avg,—,16.84,18.10,15.13,19.20,52.45,-10.51,-6.85,4.00,-3.34,-22.45
7152,NP GR 5Y avg,—,2.26,4.89,9.42,7.34,8.73,—,—,—,—,—
7152,NP GR 10Y avg,0.0,0.0,0.0,0.0,0.0,0.0,0.0,0.0,0.0,0.0,0.0
7152,EPS GR,353.19,-12.07,94.56,-58.23,17.67,162.67,-7.45,69.62,-50.40,303.23,-82.13
7152,EPS GR 3Y avg,—,-10.59,-1.48,8.89,41.95,60.36,-8.00,50.26,-29.04,-7.51,-16.02
7152,EPS GR 5Y avg,—,17.18,18.38,15.18,19.20,52.50,-10.92,-7.82,3.45,-3.77,-22.72
7152,EPS GR 10Y avg,—,2.17,4.46,9.16,7.10,8.56,—,—,—,—,—
7152,OCF GR,—,-7.38,76.49,-46.21,-8.07,161.14,-55.78,147.87,37.78,446.76,-91.60
7152,FCF GR,—,-13.12,227.30,-69.78,-0.61,433.35,-80.41,—,—,—,—
7152,D/E,0.07,0.07,0.03,0.05,0.04,0.05,0.05,0.05,0.06,0.03,0.05
7152,Price,1.7000,0.9650,0.9700,0.8700,1.4500,1.0400,1.0500,0.7800,0.5050,0.4700,0.5600
7153,Year End,TTM,2020-12,2019-12,2018-12,2017-12,2016-12,2015-12,2014-12,2013-12,2012-12,2011-12
7153,Revenue,"5,219","3,638","2,217","2,141","1,958","1,668","1,640","1,302","1,307","1,234","1,090"
7153,NP,"2,064","1,087",225,200,182,167,203,146,136,102,90
7153,EPS,0.81,0.42,0.09,0.08,0.07,0.07,0.08,0.06,0.05,0.04,0.03
7153,DPS,0.07,0.04,0.04,0.01,0.03,0.03,0.03,0.02,0.02,0.01,0.01
7153,Div Payout,9.2,12.6,34.5,37.9,39.4,42.4,27.2,31.9,29.5,28.1,12.7
7153,Shares,"2,557","2,558","2,558","2,558","2,558","2,558","2,558","2,558","2,558","2,553","2,549"
7153,BVPS,1.23,0.76,0.55,0.49,0.45,0.40,0.36,0.31,0.27,0.24,0.17
7153,OCF,"1,430","1,146",275,193,204,233,263,164,209,93,46
7153,FCF,"1,222",970,56,-122,-35,72,165,23,89,10,6
7153,NP Margin,39.54,29.87,10.13,9.33,9.30,10.02,12.35,11.18,10.44,8.28,8.23
7153,ROE,89.28,57.06,16.40,16.18,16.55,16.74,23.04,19.26,20.84,18.55,19.09
7153,Revenue GR,258.51,64.10,3.58,9.35,17.36,1.74,25.95,-0.42,5.94,13.21,4.12
7153,Revenue GR 3Y avg,—,22.95,9.95,9.30,14.57,8.46,9.93,6.10,7.69,13.58,6.70
7153,Revenue GR 5Y avg,—,17.28,11.24,10.37,9.67,8.88,9.39,9.10,7.82,11.92,13.79
7153,Revenue GR 10Y avg,—,13.27,10.16,9.08,10.79,11.31,—,—,—,—,—
7153,NP GR,—,81.40,10.38,-0.46,7.73,6.99,25.62,17.53,6.36,15.28,15.22
7153,NP GR 3Y avg,—,39.93,9.06,7.93,12.25,13.25,12.30,16.90,18.40,13.15,14.21
7153,NP GR 5Y avg,—,25.36,12.92,13.04,12.70,13.73,—,—,—,—,—
7153,NP GR 10Y avg,0.0,0.0,0.0,0.0,0.0,0.0,0.0,0.0,0.0,0.0,0.0
7153,EPS GR,—,383.67,12.48,9.73,8.96,-17.49,39.09,6.75,33.06,13.89,-20.61
7153,EPS GR 3Y avg,—,81.41,10.38,-0.45,7.73,7.00,25.48,17.39,6.36,15.41,15.35
7153,EPS GR 5Y avg,—,39.94,9.07,7.93,12.17,13.17,12.30,16.91,18.39,13.22,14.29
7153,EPS GR 10Y avg,—,25.36,12.92,13.04,12.70,13.73,—,—,—,—,—
7153,OCF GR,—,317.39,42.54,-5.64,-12.50,-11.27,60.08,-21.33,124.63,102.42,-66.70
7153,FCF GR,—,—,—,—,—,-56.53,620.08,-74.19,780.17,64.95,-88.38
7153,D/E,0.03,0.05,0.12,0.17,0.16,0.06,0.11,0.08,0.07,0.06,0.05
7153,Price,3.2600,4.5000,4.1600,4.3400,8.1100,6.5900,9.3000,4.4700,4.3200,3.3600,3.2500
7155,Year End,TTM,2020-03,2019-03,2018-03,2017-03,2016-03,2015-03,2014-03,2013-03,2012-03,2011-03
7155,Revenue,"2,264","1,827","1,654","2,095","1,944","1,015",619,413,423,415,257
7155,NP,102,73,97,127,103,81,42,29,40,37,26
7155,EPS,0.07,0.05,0.06,0.08,0.07,0.06,0.04,0.02,0.04,0.05,0.02
7155,DPS,0.02,0.03,0.04,0.03,0.03,0.02,0.01,0.01,0.02,0.01,0.01
7155,Div Payout,35.8,54.5,59.8,38.4,45.6,30.3,40.1,26.8,—,11.1,—
7155,Shares,"1,562","1,562","1,563","1,536","1,488","1,459","1,125","1,125","1,061",748,"1,123"
7155,BVPS,0.43,0.39,0.36,0.34,0.27,0.22,0.21,0.19,0.17,0.16,—
7155,OCF,76,68,152,184,32,-130,23,21,58,29,40
7155,FCF,14,-22,123,158,8,-168,-18,8,50,19,23
7155,NP Margin,4.51,4.01,5.84,6.05,5.32,8.03,6.83,7.10,9.34,8.88,10.21
7155,ROE,15.97,12.21,16.91,25.08,26.03,33.24,22.75,14.00,20.88,21.80,17.56
7155,Revenue GR,29.39,10.43,-21.05,7.79,91.42,63.96,50.03,-2.49,2.04,61.42,—
7155,Revenue GR 3Y avg,—,-2.05,17.66,50.12,67.61,33.86,14.29,17.11,29.32,33.40,—
7155,Revenue GR 5Y avg,—,24.15,32.00,37.69,36.19,31.62,25.90,18.76,18.87,19.52,—
7155,Revenue GR 10Y avg,—,25.02,25.20,27.94,27.58,25.62,—,—,—,—,—
7155,NP GR,—,-10.87,5.86,44.14,52.17,27.24,4.73,3.76,43.43,132.51,—
7155,NP GR 3Y avg,—,11.57,26.94,26.23,22.90,25.43,25.85,58.50,16.67,17.85,—
7155,NP GR 5Y avg,—,18.50,41.85,21.36,20.35,24.48,—,—,—,—,—
7155,NP GR 10Y avg,0.0,0.0,0.0,0.0,0.0,0.0,0.0,0.0,0.0,0.0,0.0
7155,EPS GR,72.28,-24.32,-25.10,18.89,24.18,49.04,43.87,-30.04,13.66,40.41,—
7155,EPS GR 3Y avg,—,-12.32,3.41,30.07,38.60,14.47,4.58,3.74,46.13,132.39,—
7155,EPS GR 5Y avg,—,4.52,18.85,17.24,16.18,19.07,25.72,58.42,17.96,17.72,—
7155,EPS GR 10Y avg,—,14.63,37.22,17.60,16.95,21.22,—,—,—,—,—
7155,OCF GR,—,-55.30,-17.34,466.30,—,—,10.66,-64.28,97.63,-27.36,—
7155,FCF GR,—,—,-22.11,—,—,—,—,-83.76,163.02,-15.79,—
7155,D/E,—,0.01,—,—,0.02,0.05,—,—,—,—,—
7155,Price,2.2100,2.2100,0.7700,1.3400,1.5800,1.2700,1.2900,0.8450,0.3250,0.3150,0.3300
7157,Year End,TTM,2021-01,2020-01,2019-01,2018-01,2017-01,2016-01,2015-01,2014-01,2013-01,2012-01
7157,Revenue,41,41,41,53,59,65,70,73,63,63,63
7157,NP,2,2,—,-2,1,3,6,5,1,3,3
7157,EPS,0.02,0.02,—,-0.02,0.01,0.03,0.06,0.04,0.01,0.03,0.03
7157,DPS,0.01,0.01,0.01,0.02,0.04,0.05,0.06,0.04,0.04,0.06,0.04
7157,Div Payout,31.0,48.0,—,—,320.0,141.2,98.4,109.3,223.8,133.3,133.3
7157,Shares,100,100,100,100,100,100,100,100,100,100,100
7157,BVPS,0.65,0.65,0.63,0.63,0.70,0.73,0.74,0.75,0.75,0.78,0.79
7157,OCF,3,3,6,2,5,8,11,8,6,9,7
7157,FCF,—,—,5,-3,3,4,7,5,5,6,6
7157,NP Margin,3.89,3.89,0.38,-3.57,1.96,4.49,8.49,6.28,1.91,5.45,4.83
7157,ROE,2.50,2.50,0.25,-2.94,1.66,4.05,8.17,6.32,1.62,4.45,3.83
7157,Revenue GR,34.96,-0.25,-22.47,-8.82,-9.77,-7.23,-4.52,16.13,-0.22,0.52,-4.40
7157,Revenue GR 3Y avg,—,-10.99,-13.92,-8.61,-7.20,0.94,3.43,5.21,-1.39,-2.24,-8.67
7157,Revenue GR 5Y avg,—,-10.01,-10.79,-3.28,-1.52,0.63,1.23,1.60,-5.24,-4.24,-4.20
7157,Revenue GR 10Y avg,—,-4.55,-4.80,-4.27,-2.89,-1.82,0.31,—,—,—,—
7157,NP GR,—,11.79,-62.16,—,-37.03,34.22,19.85,14.84,-51.72,-2.98,-19.52
7157,NP GR 3Y avg,—,-23.03,-49.05,—,-19.74,-0.81,-11.13,4.02,-27.03,-7.03,-11.16
7157,NP GR 5Y avg,—,-17.29,-27.20,—,-13.62,-6.13,4.02,—,—,—,—
7157,NP GR 10Y avg,0.0,0.0,0.0,0.0,0.0,0.0,0.0,0.0,0.0,0.0,0.0
7157,EPS GR,-119.73,906.25,—,—,-60.62,-50.84,29.13,280.17,-64.93,15.00,-99.19
7157,EPS GR 3Y avg,—,11.87,-62.02,—,-37.00,34.13,19.85,15.31,-85.18,-79.05,-82.74
7157,EPS GR 5Y avg,—,-22.98,-48.92,—,-19.73,-0.54,-56.28,-58.53,-70.93,-62.99,-64.72
7157,EPS GR 10Y avg,—,-41.97,-53.97,—,-45.50,-40.76,-34.38,—,—,—,—
7157,OCF GR,—,-55.45,294.82,-68.74,-31.04,-27.75,25.45,35.02,-33.21,27.51,-29.22
7157,FCF GR,—,-92.50,—,—,-15.00,-46.71,53.88,1.62,-24.18,7.32,20.84
7157,D/E,—,—,—,—,—,—,—,—,—,—,—
7157,Price,0.4750,0.4750,0.3400,0.5600,0.6400,0.7850,0.8650,0.5600,0.5050,0.4800,0.4700
7160,Year End,TTM,2020-12,2019-12,2018-12,2017-12,2016-12,2015-12,2014-12,2013-12,2012-12,2011-12
7160,Revenue,434,419,490,422,284,152,84,81,67,57,63
7160,NP,70,71,83,57,36,27,12,5,2,-1,5
7160,EPS,0.10,0.10,0.12,0.08,0.05,0.04,0.02,0.01,—,—,0.01
7160,DPS,0.01,0.01,—,—,—,—,—,—,—,—,—
7160,Div Payout,10.1,10.0,—,—,—,—,—,—,—,—,—
7160,Shares,712,712,712,712,712,700,648,648,648,648,648
7160,BVPS,0.74,0.69,0.58,0.47,0.21,0.14,0.11,0.09,0.09,0.08,0.08
7160,OCF,66,68,139,75,34,17,8,12,5,-4,-4
7160,FCF,23,23,117,36,29,13,4,11,4,-4,-4
7160,NP Margin,16.18,16.93,16.94,13.53,12.66,17.79,14.30,5.59,3.54,-2.34,7.86
7160,ROE,14.32,15.00,20.95,21.29,24.94,29.34,17.39,7.66,4.28,-2.41,9.31
7160,Revenue GR,15.04,-14.55,16.08,48.56,87.04,81.74,3.15,20.35,18.36,-10.03,-24.62
7160,Revenue GR 3Y avg,—,13.80,47.75,71.57,51.92,31.16,13.69,8.62,-7.06,-8.17,-15.25
7160,Revenue GR 5Y avg,—,38.02,43.32,44.36,37.94,19.16,-0.07,1.98,-8.30,-16.96,-12.12
7160,Revenue GR 10Y avg,—,17.44,20.90,15.05,7.02,2.33,—,—,—,—,—
7160,NP GR,—,25.38,45.38,68.43,99.48,124.63,—,-3.05,—,—,—
7160,NP GR 3Y avg,—,42.76,78.90,88.74,—,40.30,—,—,—,—,-14.00
7160,NP GR 5Y avg,—,—,—,—,25.89,9.85,—,—,—,—,—
7160,NP GR 10Y avg,0.0,0.0,0.0,0.0,0.0,0.0,0.0,0.0,0.0,0.0,0.0
7160,EPS GR,-3.96,-14.67,45.43,58.80,30.80,109.14,163.82,89.94,—,—,—
7160,EPS GR 3Y avg,—,25.37,44.56,63.17,93.25,118.84,—,-3.05,—,—,—
7160,EPS GR 5Y avg,—,40.07,75.54,85.17,—,38.13,—,—,—,—,-14.00
7160,EPS GR 10Y avg,—,—,—,—,24.70,8.99,—,—,—,—,—
7160,OCF GR,—,-50.97,85.09,119.74,95.22,121.46,-34.07,126.77,—,—,—
7160,FCF GR,—,-80.42,226.55,25.49,116.56,221.71,-62.31,147.44,—,—,—
7160,D/E,—,0.01,0.01,0.01,0.02,—,—,—,—,—,0.04
7160,Price,5.6000,5.0500,4.5400,2.7500,3.0300,1.3500,0.7200,0.3750,0.2150,0.2000,0.2500
7161,Year End,TTM,2020-12,2019-12,2018-12,2017-12,2016-12,2015-12,2014-12,2013-12,2012-12,2011-12
7161,Revenue,868,811,"1,055","1,069",956,799,79,62,42,158,139
7161,NP,95,91,140,138,125,100,16,15,11,23,6
7161,EPS,0.08,0.07,0.11,0.10,0.11,0.11,0.07,0.08,0.06,0.12,0.04
7161,DPS,0.04,0.04,0.03,0.02,0.02,0.01,0.01,0.01,0.01,—,—
7161,Div Payout,45.6,50.0,20.0,23.9,25.3,17.4,17.5,45.4,—,—,—
7161,Shares,"1,234","1,232","1,234","1,394","1,186",933,227,202,202,202,151
7161,BVPS,0.92,0.89,0.85,0.76,0.68,0.62,0.50,0.45,0.40,0.36,0.14
7161,OCF,22,28,88,80,130,67,-23,-24,2,47,-6
7161,FCF,-27,-7,52,30,77,-4,-24,-26,1,47,-7
7161,NP Margin,10.93,11.19,13.28,12.93,13.05,12.47,20.44,24.69,27.37,14.81,4.02
7161,ROE,8.52,8.32,13.69,14.90,15.56,23.90,15.95,17.52,14.93,38.45,14.50
7161,Revenue GR,26.83,-23.15,-1.26,11.83,19.65,911.34,26.85,48.25,-73.45,14.13,672.77
7161,Revenue GR 3Y avg,—,-5.32,9.73,138.30,148.53,166.93,-20.67,-23.41,32.79,104.30,76.92
7161,Revenue GR 5Y avg,—,59.33,76.13,91.05,43.30,41.95,34.51,27.40,10.91,35.52,21.28
7161,Revenue GR 10Y avg,—,46.40,49.80,45.56,39.35,31.21,—,—,—,—,—
7161,NP GR,—,-10.06,12.06,104.59,100.95,105.41,-11.68,40.29,—,—,—
7161,NP GR 3Y avg,—,41.25,55.59,64.44,39.73,78.05,—,—,—,—,—
7161,NP GR 5Y avg,—,—,—,—,—,—,—,—,—,—,—
7161,NP GR 10Y avg,0.0,0.0,0.0,0.0,0.0,0.0,0.0,0.0,0.0,0.0,0.0
7161,EPS GR,19.42,-25.49,-0.20,-5.77,-1.56,50.54,-6.91,34.44,-51.18,215.73,—
7161,EPS GR 3Y avg,—,-11.18,-2.54,11.77,11.32,23.51,-15.14,27.49,—,—,—
7161,EPS GR 5Y avg,—,0.76,5.35,11.81,-1.97,23.77,—,—,—,—,—
7161,EPS GR 10Y avg,—,—,—,—,—,—,—,—,—,—,—
7161,OCF GR,—,-68.38,9.62,-38.16,93.14,—,—,—,-96.16,—,—
7161,FCF GR,—,—,73.18,-60.54,—,—,—,—,-97.71,—,—
7161,D/E,—,—,—,—,—,—,—,—,—,—,0.04
7161,Price,1.3200,1.0600,1.3100,1.1500,4.0600,2.1700,1.6300,0.9900,0.7400,0.8200,0.5300
7162,Year End,TTM,2020-07,2019-07,2018-07,2017-07,2016-07,2015-07,2014-07,2013-07,2012-07,2011-07
7162,Revenue,619,521,584,547,501,473,486,490,512,456,419
7162,NP,59,22,24,29,34,30,20,29,32,26,35
7162,EPS,0.21,0.08,0.09,0.10,0.12,0.11,0.07,0.10,0.11,0.09,0.12
7162,DPS,0.01,0.01,0.01,0.01,0.01,0.02,0.03,0.03,0.01,0.01,0.02
7162,Div Payout,6.9,13.3,13.3,8.6,7.2,23.9,29.1,28.6,9.5,14.2,16.8
7162,Shares,275,277,278,278,279,279,280,277,278,284,293
7162,BVPS,1.63,1.43,1.36,1.29,1.19,1.06,1.00,0.93,0.86,0.78,0.55
7162,OCF,125,72,47,—,51,81,9,53,35,1,18
7162,FCF,116,63,26,-30,28,52,-7,42,17,-29,12
7162,NP Margin,9.48,4.28,4.06,5.28,6.88,6.42,4.08,5.92,6.18,5.80,8.33
7162,ROE,13.92,5.68,6.37,8.25,10.73,10.36,7.24,11.34,13.64,12.70,19.12
7162,Revenue GR,69.75,-10.79,6.88,9.19,5.89,-2.68,-0.90,-4.24,12.14,8.88,25.19
7162,Revenue GR 3Y avg,—,1.35,7.31,4.01,0.71,-2.61,2.10,5.35,15.19,12.58,4.62
7162,Revenue GR 5Y avg,—,1.42,3.57,1.32,1.87,2.43,7.72,8.91,6.94,9.57,11.46
7162,Revenue GR 10Y avg,—,4.52,6.21,4.09,5.65,6.85,—,—,—,—,—
7162,NP GR,—,-13.50,-7.87,13.34,5.90,-1.35,-9.21,-6.00,15.29,42.68,9.40
7162,NP GR 3Y avg,—,2.40,-3.92,-1.82,5.41,-2.76,-0.81,26.06,3.46,9.75,28.25
7162,NP GR 5Y avg,—,0.78,10.05,0.79,7.56,11.67,—,—,—,—,—
7162,NP GR 10Y avg,0.0,0.0,0.0,0.0,0.0,0.0,0.0,0.0,0.0,0.0,0.0
7162,EPS GR,452.94,-5.86,-17.52,-16.19,13.72,53.46,-32.40,-7.85,22.02,-21.87,64.16
7162,EPS GR 3Y avg,—,-13.34,-7.71,13.51,5.67,-1.49,-8.74,-4.23,16.10,42.79,9.76
7162,EPS GR 5Y avg,—,2.58,-4.00,-1.84,5.81,-1.84,-0.51,26.77,4.74,9.74,27.05
7162,EPS GR 10Y avg,—,1.02,10.32,1.40,7.76,11.67,—,—,—,—,—
7162,OCF GR,—,52.13,—,—,-37.18,837.10,-83.47,51.41,—,-95.56,—
7162,FCF GR,—,140.30,—,—,-45.69,—,—,142.44,—,—,—
7162,D/E,0.03,0.05,—,0.02,0.03,0.04,0.02,0.02,0.04,0.06,—
7162,Price,1.5800,0.5400,0.6600,0.8000,1.2000,0.7700,0.7200,1.7300,1.1400,0.7800,0.7600
7167,Year End,TTM,2020-12,2019-12,2018-12,2017-12,2016-12,2015-12,2014-12,2013-12,2012-12,2011-12
7167,Revenue,508,502,580,501,475,441,417,317,241,246,134
7167,NP,44,39,47,36,26,36,17,13,21,23,11
7167,EPS,0.14,0.13,0.15,0.12,0.08,0.14,0.07,0.05,0.08,0.12,0.06
7167,DPS,0.04,0.06,0.07,0.04,0.03,0.01,0.01,0.01,0.02,0.01,0.01
7167,Div Payout,30.5,41.8,41.8,42.7,—,7.6,17.0,40.2,15.6,11.2,26.3
7167,Shares,308,308,310,310,310,255,249,249,249,198,194
7167,BVPS,1.19,1.16,1.09,0.99,0.88,0.87,0.77,0.71,0.68,0.63,0.46
7167,OCF,14,48,44,42,20,82,-7,-29,25,17,11
7167,FCF,7,47,30,18,3,71,-32,-41,7,8,10
7167,NP Margin,8.75,7.86,8.19,7.23,5.41,8.07,4.15,4.10,8.53,9.29,8.22
7167,ROE,12.59,11.34,14.50,11.99,9.97,16.97,9.21,7.41,12.65,17.47,11.00
7167,Revenue GR,5.21,-13.37,15.70,5.60,7.56,5.70,31.77,31.23,-2.02,83.56,40.45
7167,Revenue GR 3Y avg,—,1.91,9.53,6.28,14.42,22.27,19.21,33.14,36.19,31.92,8.46
7167,Revenue GR 5Y avg,—,3.77,12.85,15.73,14.01,26.87,34.29,24.17,18.07,24.38,2.02
7167,Revenue GR 10Y avg,—,18.05,18.38,16.89,19.08,13.77,—,—,—,—,—
7167,NP GR,—,15.46,10.08,27.93,25.50,20.01,-8.91,5.55,48.62,66.43,30.72
7167,NP GR 3Y avg,—,17.94,29.62,11.96,2.31,26.38,22.49,21.19,33.03,—,15.53
7167,NP GR 5Y avg,—,20.20,25.33,22.04,—,20.83,—,—,—,—,—
7167,NP GR 10Y avg,0.0,0.0,0.0,0.0,0.0,0.0,0.0,0.0,0.0,0.0,0.0
7167,EPS GR,109.59,-16.02,31.02,41.28,-40.75,100.50,33.29,-36.97,-28.48,103.68,74.13
7167,EPS GR 3Y avg,—,15.84,3.13,18.84,16.56,18.98,-15.62,-2.81,36.38,64.84,30.27
7167,EPS GR 5Y avg,—,13.05,24.00,7.11,-6.52,19.66,16.33,15.09,26.35,—,15.29
7167,EPS GR 10Y avg,—,14.68,19.46,16.34,—,17.46,—,—,—,—,—
7167,OCF GR,—,10.24,5.38,104.38,-75.07,—,—,—,45.96,49.23,177.68
7167,FCF GR,—,53.68,67.04,471.17,-95.53,—,—,—,-13.43,-17.97,207.53
7167,D/E,—,0.01,0.01,0.01,0.01,0.02,0.03,0.06,0.09,0.08,0.14
7167,Price,1.6800,2.0100,1.7300,0.9600,1.2100,1.2400,2.0900,1.3500,1.6700,1.6600,0.7400
7169,Year End,TTM,2020-03,2019-03,2018-03,2017-03,2016-03,2015-03,2014-03,2013-03,2012-03,2011-03
7169,Revenue,588,676,730,657,573,541,548,478,416,372,337
7169,NP,13,13,26,28,23,12,22,23,14,18,12
7169,EPS,0.08,0.08,0.16,0.17,0.14,0.07,0.14,0.14,0.09,0.12,0.08
7169,DPS,0.03,0.05,0.07,0.07,0.04,0.04,0.03,0.03,0.03,0.03,0.03
7169,Div Payout,31.9,62.9,34.4,42.5,37.3,37.2,16.2,28.0,38.0,30.4,—
7169,Shares,165,165,165,165,165,165,165,163,161,153,152
7169,BVPS,1.88,1.70,1.66,1.53,1.45,1.39,1.28,1.02,0.97,0.95,—
7169,OCF,70,59,30,-29,—,23,11,7,-11,26,-8
7169,FCF,49,39,22,-34,-10,9,8,-14,-14,23,-10
7169,NP Margin,2.20,1.94,3.58,4.20,4.01,2.28,4.10,4.84,3.37,4.75,3.71
7169,ROE,4.38,4.54,9.75,10.93,9.72,5.53,10.66,12.78,9.08,12.40,9.67
7169,Revenue GR,2.32,-7.44,11.12,14.68,5.93,-1.28,14.63,14.78,11.93,10.50,—
7169,Revenue GR 3Y avg,—,5.66,10.52,6.25,6.23,9.10,13.77,12.39,10.35,6.38,—
7169,Revenue GR 5Y avg,—,4.29,8.84,9.55,9.02,9.94,12.07,9.11,5.63,6.20,—
7169,Revenue GR 10Y avg,—,8.11,8.98,7.57,7.60,9.22,—,—,—,—,—
7169,NP GR,—,-17.06,28.44,7.17,-0.27,-4.21,8.28,22.80,-0.02,14.93,—
7169,NP GR 3Y avg,—,-10.21,2.48,14.49,5.36,-0.25,9.82,14.73,2.76,5.60,—
7169,NP GR 5Y avg,—,-0.70,8.43,8.47,5.48,6.58,—,—,—,—,—
7169,NP GR 10Y avg,0.0,0.0,0.0,0.0,0.0,0.0,0.0,0.0,0.0,0.0,0.0
7169,EPS GR,100.00,-49.94,-5.38,20.29,85.83,-45.00,-4.11,62.40,-24.55,40.87,—
7169,EPS GR 3Y avg,—,-17.10,28.36,7.13,-0.67,-5.03,5.52,19.96,-2.54,13.94,—
7169,EPS GR 5Y avg,—,-10.25,2.21,13.87,3.73,-1.86,7.59,12.63,1.88,4.57,—
7169,EPS GR 10Y avg,—,-1.73,7.29,7.71,4.15,5.39,—,—,—,—,—
7169,OCF GR,—,100.07,—,—,-98.59,105.90,59.89,—,—,—,—
7169,FCF GR,—,78.91,—,—,—,20.80,—,—,—,—,—
7169,D/E,0.06,0.05,0.01,0.02,0.03,0.04,0.03,0.05,0.03,0.03,0.04
7169,Price,0.9000,0.9000,1.0200,1.2600,1.3100,1.2100,1.1700,1.5000,1.2600,0.8550,0.6900
7172,Year End,TTM,2020-12,2019-12,2018-12,2017-12,2016-12,2015-12,2014-12,2013-12,2012-12,2011-12
7172,Revenue,591,605,400,445,497,371,434,329,282,285,312
7172,NP,27,23,28,9,10,11,8,7,8,10,15
7172,EPS,0.09,0.08,0.10,0.05,0.07,0.07,0.05,0.04,0.05,0.07,0.10
7172,DPS,0.01,—,0.03,0.01,0.02,0.02,0.02,0.01,0.01,0.01,0.01
7172,Div Payout,10.6,14.7,43.2,35.0,27.1,35.5,41.4,31.7,40.8,22.9,15.2
7172,Shares,299,293,282,198,155,155,155,155,155,155,155
7172,BVPS,2.66,2.64,2.50,2.27,1.01,0.95,0.93,0.84,0.81,0.77,0.62
7172,OCF,-25,66,-37,25,13,16,47,13,5,7,20
7172,FCF,-97,-15,-332,-278,-22,13,41,6,-2,-11,-13
7172,NP Margin,4.57,3.76,6.95,2.10,2.09,2.89,1.78,2.01,2.68,3.56,4.97
7172,ROE,4.98,4.16,6.22,3.62,6.70,7.19,5.57,5.09,6.15,8.76,14.78
7172,Revenue GR,-7.86,51.30,-10.12,-10.59,34.08,-14.57,32.15,16.59,-0.99,-8.70,42.11
7172,Revenue GR 3Y avg,—,6.73,2.52,0.80,14.82,9.59,15.11,1.76,8.71,10.20,-1.02
7172,Revenue GR 5Y avg,—,6.85,4.00,9.55,11.81,3.54,14.63,9.09,-2.60,-4.08,0.72
7172,Revenue GR 10Y avg,—,10.67,6.51,3.30,3.56,2.12,—,—,—,—,—
7172,NP GR,—,29.70,37.36,6.47,16.39,12.35,-8.70,-24.75,1.64,25.28,18.31
7172,NP GR 3Y avg,—,24.08,33.29,4.29,0.51,-7.11,1.42,5.05,-4.19,-2.60,21.50
7172,NP GR 5Y avg,—,12.18,18.33,-0.04,-1.06,6.24,—,—,—,—,—
7172,NP GR 10Y avg,0.0,0.0,0.0,0.0,0.0,0.0,0.0,0.0,0.0,0.0,0.0
7172,EPS GR,160.00,-21.34,108.47,-29.71,-2.89,38.72,17.02,-12.62,-25.52,-34.55,115.29
7172,EPS GR 3Y avg,—,4.85,12.48,-1.80,16.38,12.36,-8.68,-24.76,1.62,25.26,18.30
7172,EPS GR 5Y avg,—,9.20,18.23,-0.64,0.51,-7.11,1.42,5.05,-4.20,-2.35,22.27
7172,EPS GR 10Y avg,—,5.24,11.44,-2.44,-0.93,6.57,—,—,—,—,—
7172,OCF GR,—,—,—,94.65,-19.36,-65.34,260.41,137.46,-25.21,-62.52,656.32
7172,FCF GR,—,—,—,—,—,-67.12,560.24,—,—,—,—
7172,D/E,0.47,0.51,0.49,0.35,0.19,0.05,0.08,0.12,0.17,0.18,0.12
7172,Price,5.8500,4.5800,3.1500,3.5700,4.2500,1.5400,1.0000,0.9450,0.6700,0.5600,0.4700
7173,Year End,TTM,2019-03,2018-03,2017-03,2016-03,2015-03,2014-03,2013-03,2012-03,2011-03,2010-03
7173,Revenue,87,91,86,80,82,82,86,86,93,110,94
7173,NP,7,5,1,-7,1,2,5,1,1,3,4
7173,EPS,0.06,0.04,0.01,-0.07,0.01,0.02,0.05,0.03,0.02,0.06,0.09
7173,DPS,0.04,0.01,—,—,—,0.01,—,—,—,—,—
7173,Div Payout,63.7,—,—,—,—,—,—,—,—,—,—
7173,Shares,—,107,107,107,107,107,102,42,42,42,42
7173,BVPS,1.06,—,—,—,—,—,—,—,—,—,—
7173,OCF,-6,3,-1,6,82,35,-9,8,8,—,5
7173,FCF,-18,-15,-36,-73,2,-1,-15,7,8,—,4
7173,NP Margin,7.72,5.07,1.03,-9.31,1.80,2.07,5.69,1.38,1.20,2.47,4.29
7173,ROE,5.46,3.87,0.76,-6.17,1.20,1.39,5.19,1.81,1.74,4.38,6.78
7173,Revenue GR,-6.99,5.50,8.37,-2.49,-0.03,-4.78,-0.03,-7.47,-15.51,—,—
7173,Revenue GR 3Y avg,—,3.69,1.84,-2.45,-1.64,-4.14,-7.89,-2.82,-3.72,—,—
7173,Revenue GR 5Y avg,—,1.19,0.11,-3.00,-5.74,-2.67,-3.76,-3.85,6.39,—,—
7173,Revenue GR 10Y avg,—,-1.31,-1.89,1.59,2.18,—,—,—,—,—,—
7173,NP GR,—,46.35,-19.26,—,7.63,15.08,21.58,-33.49,—,—,—
7173,NP GR 3Y avg,—,-1.13,-5.49,—,-11.53,-15.86,—,-24.89,-17.00,—,—
7173,NP GR 5Y avg,—,—,-15.75,—,-3.83,—,—,—,—,—,—
7173,NP GR 10Y avg,0.0,0.0,0.0,0.0,0.0,0.0,0.0,0.0,0.0,0.0,0.0
7173,EPS GR,-54.10,420.48,—,—,-12.66,-67.15,74.28,6.15,-59.06,—,—
7173,EPS GR 3Y avg,—,46.29,-19.31,—,-20.63,-15.30,-8.84,-33.49,—,—,—
7173,EPS GR 5Y avg,—,-2.13,-21.36,—,-26.31,-29.97,—,-25.91,-18.09,—,—
7173,EPS GR 10Y avg,—,—,-23.67,—,-12.82,—,—,—,—,—,—
7173,OCF GR,—,—,—,-92.62,133.00,—,—,-2.40,—,—,—
7173,FCF GR,—,—,—,—,—,—,—,-6.78,—,—,—
7173,D/E,0.01,0.01,0.07,0.07,0.07,0.07,0.02,0.02,0.01,0.01,0.04
7173,Price,2.5100,0.6050,0.6200,0.7200,0.7800,0.6300,0.6200,0.6800,0.8500,1.5800,1.6800
7174,Year End,TTM,2020-09,2019-09,2018-09,2017-09,2016-09,2015-09,2014-09,2013-09,2012-09,2011-09
7174,Revenue,"1,701","1,680","1,752","1,750","1,492","1,101",892,672,609,535,491
7174,NP,13,3,12,30,58,26,16,11,12,-3,13
7174,EPS,0.02,—,0.02,0.03,0.09,0.04,0.03,0.03,0.03,-0.01,0.03
7174,DPS,—,—,0.01,0.01,—,—,—,—,—,—,—
7174,Div Payout,13.2,—,22.5,6.0,4.1,—,—,—,—,—,—
7174,Shares,690,680,680,681,664,613,489,411,411,411,411
7174,BVPS,0.66,0.66,0.71,0.65,0.46,0.41,0.37,0.36,0.32,0.22,0.24
7174,OCF,65,50,45,71,56,53,34,38,23,7,23
7174,FCF,17,2,-54,-127,11,-16,-40,15,12,-7,3
7174,NP Margin,0.74,0.16,0.69,1.70,3.90,2.36,1.80,1.66,1.96,-0.56,2.57
7174,ROE,2.79,0.60,2.78,7.34,18.29,12.08,9.53,7.60,8.80,-2.65,13.63
7174,Revenue GR,8.58,-4.09,0.10,17.31,35.48,23.51,32.61,10.41,13.93,8.88,-3.38
7174,Revenue GR 3Y avg,—,4.04,16.74,25.21,30.43,21.83,18.60,11.05,6.22,2.64,-4.06
7174,Revenue GR 5Y avg,—,13.51,21.11,23.51,22.79,17.54,11.90,6.34,1.84,3.83,7.63
7174,Revenue GR 10Y avg,—,12.71,13.49,12.15,12.91,12.48,—,—,—,—,—
7174,NP GR,—,-63.80,-22.38,22.84,73.36,29.63,—,-4.02,18.31,—,147.79
7174,NP GR 3Y avg,—,-29.67,1.72,20.02,—,15.53,17.35,42.43,70.42,—,—
7174,NP GR 5Y avg,—,-9.15,20.36,43.02,57.51,—,—,—,—,—,—
7174,NP GR 10Y avg,0.0,0.0,0.0,0.0,0.0,0.0,0.0,0.0,0.0,0.0,0.0
7174,EPS GR,-123.56,-77.34,-58.95,-50.23,105.98,29.66,20.73,-6.39,—,—,75.50
7174,EPS GR 3Y avg,—,-64.09,-25.06,9.95,47.73,13.58,—,-4.01,18.36,—,147.92
7174,EPS GR 5Y avg,—,-34.16,-8.01,8.48,—,6.72,13.38,42.40,70.47,—,—
7174,EPS GR 10Y avg,—,-13.60,14.45,35.99,50.15,—,—,—,—,—,—
7174,OCF GR,—,12.01,-37.35,26.76,6.87,53.17,-10.13,66.17,219.52,-68.68,-2.90
7174,FCF GR,—,—,—,—,—,—,—,25.00,—,—,-70.99
7174,D/E,0.57,0.60,0.56,0.51,0.33,0.42,0.44,0.21,0.19,0.25,0.20
7174,Price,0.4250,0.3650,0.4150,0.8600,0.9450,1.5900,1.0000,1.1000,0.5800,0.3500,0.3300
7178,Year End,TTM,2020-12,2019-12,2018-12,2017-12,2016-12,2015-12,2014-12,2013-12,2012-12,2011-12
7178,Revenue,288,297,296,289,262,237,223,202,191,181,157
7178,NP,19,22,23,30,20,28,29,16,16,14,15
7178,EPS,0.14,0.16,0.17,0.22,0.15,0.20,0.22,0.12,0.12,0.10,0.14
7178,DPS,0.07,0.07,0.07,0.07,0.07,0.07,0.07,0.07,0.07,0.06,0.06
7178,Div Payout,51.8,45.7,37.5,34.0,34.9,40.0,29.4,63.8,58.8,58.6,41.6
7178,Shares,141,141,139,139,138,135,134,133,133,133,133
7178,BVPS,2.45,2.40,2.34,2.22,2.06,1.97,1.88,1.71,1.67,1.64,1.57
7178,OCF,13,9,33,20,28,41,27,14,30,17,2
7178,FCF,1,-1,29,-9,18,34,18,5,25,-1,-8
7178,NP Margin,6.61,7.40,7.78,10.51,7.79,11.64,12.99,8.16,8.48,7.55,9.81
7178,ROE,5.59,6.55,7.16,10.04,7.23,10.35,11.73,7.15,7.28,6.31,8.05
7178,Revenue GR,-11.59,0.49,2.38,10.40,10.33,6.34,10.24,5.97,5.66,15.20,13.21
7178,Revenue GR 3Y avg,—,4.33,7.64,9.01,8.95,7.50,7.27,8.86,11.28,11.36,8.13
7178,Revenue GR 5Y avg,—,5.91,7.89,8.64,7.69,8.62,9.99,9.11,9.00,11.39,10.87
7178,Revenue GR 10Y avg,—,7.93,8.50,8.82,9.52,9.74,—,—,—,—,—
7178,NP GR,—,2.54,-5.87,1.57,7.31,19.45,28.58,2.35,10.02,4.16,7.54
7178,NP GR 3Y avg,—,-5.38,6.89,13.39,8.38,12.40,18.96,6.46,5.54,3.18,7.64
7178,NP GR 5Y avg,—,6.10,6.67,9.39,5.75,9.99,—,—,—,—,—
7178,NP GR 10Y avg,0.0,0.0,0.0,0.0,0.0,0.0,0.0,0.0,0.0,0.0,0.0
7178,EPS GR,-51.34,-5.39,-24.52,47.50,-27.25,-5.78,74.92,1.56,18.85,-24.26,10.01
7178,EPS GR 3Y avg,—,1.75,-6.78,0.37,6.24,18.73,28.29,-2.95,-0.33,-10.59,-9.01
7178,EPS GR 5Y avg,—,-6.31,5.95,12.43,7.67,8.54,11.96,-2.91,-7.48,-9.87,-3.12
7178,EPS GR 10Y avg,—,2.42,1.42,1.99,-1.49,2.54,—,—,—,—,—
7178,OCF GR,—,-72.15,61.22,-26.80,-34.13,55.47,86.59,-51.89,81.04,939.04,-84.92
7178,FCF GR,—,—,—,—,-46.54,84.24,271.48,-80.01,—,—,—
7178,D/E,0.08,0.08,0.11,0.10,0.05,0.06,0.04,0.05,0.07,0.10,0.05
7178,Price,2.1400,2.2800,2.3300,2.7500,2.6900,1.9100,2.4800,1.3000,1.3400,1.0400,1.0000
7179,Year End,TTM,2020-12,2019-12,2018-12,2017-12,2016-12,2015-12,2014-12,2013-12,2012-12,2011-12
7179,Revenue,906,698,72,108,112,113,120,157,153,139,135
7179,NP,194,142,8,-28,-20,—,-11,-10,-1,-15,-6
7179,EPS,0.53,0.52,0.40,-0.26,—,0.01,-0.35,-0.38,-0.02,-0.57,-0.28
7179,DPS,0.03,—,—,—,—,—,—,—,—,—,—
7179,Div Payout,4.7,—,—,—,—,—,—,—,—,—,—
7179,Shares,505,271,237,107,58,43,31,27,27,27,21
7179,BVPS,0.91,0.71,0.58,0.69,0.70,1.41,1.67,2.30,2.58,2.51,2.86
7179,OCF,178,218,13,-1,-9,-6,-10,7,-9,14,-14
7179,FCF,176,217,11,-12,-14,-9,-15,5,-10,13,-15
7179,NP Margin,21.38,20.42,10.71,-25.73,-18.18,0.22,-8.99,-6.48,-0.34,-11.13,-4.29
7179,ROE,47.45,41.82,12.79,-38.91,-27.79,0.45,-20.18,-16.44,-0.76,-22.52,-13.30
7179,Revenue GR,1030.40,871.27,-33.64,-3.12,-1.11,-5.50,-23.89,2.65,10.00,3.22,-2.25
7179,Revenue GR 3Y avg,—,84.14,-14.01,-3.26,-10.74,-9.62,-4.93,5.24,3.54,7.02,12.99
7179,Revenue GR 5Y avg,—,42.30,-14.49,-6.69,-4.29,-3.47,-2.81,6.72,10.37,10.55,13.52
7179,Revenue GR 10Y avg,—,17.60,-4.47,1.48,2.86,4.68,—,—,—,—,—
7179,NP GR,—,—,213.40,—,—,—,—,—,—,—,—
7179,NP GR 3Y avg,—,—,—,—,—,—,—,—,—,—,—
7179,NP GR 5Y avg,—,—,—,—,—,—,—,—,—,—,—
7179,NP GR 10Y avg,0.0,0.0,0.0,0.0,0.0,0.0,0.0,0.0,0.0,0.0,0.0
7179,EPS GR,33.25,624.74,—,—,—,—,—,—,—,—,—
7179,EPS GR 3Y avg,—,—,143.01,—,—,—,—,—,—,—,—
7179,EPS GR 5Y avg,—,—,—,—,—,—,—,—,—,—,—
7179,EPS GR 10Y avg,—,—,—,—,—,—,—,—,—,—,—
7179,OCF GR,—,—,—,—,—,—,—,—,—,—,—
7179,FCF GR,—,—,—,—,—,—,—,—,—,—,—
7179,D/E,0.25,0.30,—,0.11,0.12,0.19,0.32,0.29,0.28,0.36,0.49
7179,Price,1.5400,1.2100,0.0300,0.0300,0.0350,0.0450,0.0550,0.0750,0.0700,0.0700,0.0800
7190,Year End,TTM,2020-09,2019-09,2018-09,2017-09,2016-09,2015-09,2014-09,2013-09,2012-09,2011-09
7190,Revenue,54,56,67,67,74,63,63,64,66,69,53
7190,NP,-3,-3,2,—,3,2,2,5,6,5,4
7190,EPS,-0.03,-0.03,0.02,—,0.03,0.02,0.03,0.05,0.06,0.05,0.04
7190,DPS,—,0.01,0.01,0.02,0.01,0.01,0.02,0.02,0.02,0.02,0.02
7190,Div Payout,—,—,76.9,229.9,50.9,37.5,52.5,39.0,29.5,52.1,52.1
7190,Shares,—,97,97,97,97,97,99,99,99,99,99
7190,BVPS,0.99,0.97,1.05,1.04,1.05,1.03,1.01,0.99,0.95,0.87,0.82
7190,OCF,6,5,2,-3,4,9,-10,13,15,12,-1
7190,FCF,6,4,1,-5,4,6,-13,-7,5,11,-6
7190,NP Margin,-5.78,-5.00,2.47,0.71,4.06,3.81,3.92,7.28,9.61,6.77,7.15
7190,ROE,-3.18,-2.91,1.72,0.49,3.16,2.57,2.67,5.15,7.31,5.64,4.70
7190,Revenue GR,-0.09,-17.20,0.82,-10.31,17.64,-0.44,-1.62,-3.09,-4.25,30.74,4.82
7190,Revenue GR 3Y avg,—,-9.20,2.08,1.66,4.84,-1.72,-2.99,6.65,9.48,7.58,-5.63
7190,Revenue GR 5Y avg,—,-2.59,0.83,0.03,1.35,3.51,4.58,2.93,1.02,2.13,-2.39
7190,Revenue GR 10Y avg,—,0.93,1.87,0.52,1.74,0.52,—,—,—,—,—
7190,NP GR,—,—,-11.66,-42.43,-13.73,-27.79,-19.18,7.29,17.33,-5.59,-16.82
7190,NP GR 3Y avg,—,—,-18.78,-40.57,-8.52,-8.73,-8.90,-3.43,-0.65,-7.80,-10.89
7190,NP GR 5Y avg,—,—,-11.44,-23.16,-8.16,-9.82,—,—,—,—,—
7190,NP GR 10Y avg,0.0,0.0,0.0,0.0,0.0,0.0,0.0,0.0,0.0,0.0,0.0
7190,EPS GR,245.16,—,248.98,-84.24,27.98,-3.19,-47.16,-26.47,35.71,23.96,-3.03
7190,EPS GR 3Y avg,—,—,-11.05,-41.99,-13.17,-27.81,-19.21,7.35,17.72,-12.06,-21.37
7190,EPS GR 5Y avg,—,—,-18.48,-40.30,-8.16,-8.75,-8.72,-7.46,-3.94,-10.52,-13.44
7190,EPS GR 10Y avg,—,—,-13.15,-24.27,-9.35,-11.12,—,—,—,—,—
7190,OCF GR,—,88.92,—,—,-51.57,—,—,-12.64,29.77,—,—
7190,FCF GR,—,514.76,—,—,-34.77,—,—,—,-53.11,—,—
7190,D/E,0.10,0.11,0.11,0.13,0.13,0.14,0.16,0.02,0.02,0.06,0.08
7190,Price,0.3600,0.2600,0.3400,0.3800,0.5800,0.5600,0.4750,0.6400,0.5050,0.4100,0.3700
7191,Year End,TTM,2020-12,2019-12,2017-10,2016-10,2015-10,2014-10,2013-10,2012-10,2011-10,2010-10
7191,Revenue,86,87,30,44,40,42,35,27,14,430,342
7191,NP,-14,-12,22,—,1,3,4,82,26,4,35
7191,EPS,-0.09,-0.08,0.15,—,—,0.02,0.03,0.54,0.17,0.03,0.24
7191,DPS,—,—,—,—,—,—,—,—,—,0.07,0.04
7191,Div Payout,—,—,—,—,—,—,—,—,—,—,—
7191,Shares,153,153,153,153,153,153,153,153,153,153,149
7191,BVPS,0.35,0.42,0.55,—,—,—,—,—,—,—,—
7191,OCF,11,-6,2,-1,4,3,-4,-21,40,-34,—
7191,FCF,4,-14,—,-5,-4,-16,-13,-25,—,-80,—
7191,NP Margin,-16.09,-13.51,74.23,0.32,1.71,7.38,12.83,300.93,179.96,0.97,10.28
7191,ROE,-22.78,-19.28,36.74,0.17,0.85,3.92,5.94,52.94,11.26,1.92,17.35
7191,Revenue GR,-5.25,188.37,-16.11,10.78,-4.66,20.36,27.11,92.88,-96.70,25.84,—
7191,Revenue GR 3Y avg,—,20.59,-7.52,8.33,13.41,43.43,-56.75,-56.90,-63.11,32.25,—
7191,Revenue GR 5Y avg,—,16.04,1.62,25.53,-37.84,-34.29,-34.23,-31.83,-39.39,27.82,—
7191,Revenue GR 10Y avg,—,-9.99,-15.01,-12.77,-10.86,—,—,—,—,—,—
7191,NP GR,—,—,60.88,-68.38,-79.75,-50.54,2.17,32.83,14.61,-32.59,—
7191,NP GR 3Y avg,—,—,-19.01,-64.65,-30.39,-38.51,-23.43,43.25,10.83,-20.59,—
7191,NP GR 5Y avg,—,—,4.54,-37.41,-25.65,—,—,—,—,—,—
7191,NP GR 10Y avg,0.0,0.0,0.0,0.0,0.0,0.0,0.0,0.0,0.0,0.0,0.0
7191,EPS GR,-210.61,—,949.58,-80.00,-77.72,-30.82,-94.58,222.49,510.22,-88.40,—
7191,EPS GR 3Y avg,—,—,60.92,-68.65,-79.72,-50.56,2.14,31.67,11.63,-34.57,—
7191,EPS GR 5Y avg,—,—,-19.01,-64.83,-30.32,-38.85,-24.65,40.70,6.44,-23.74,—
7191,EPS GR 10Y avg,—,—,3.71,-38.81,-27.10,—,—,—,—,—,—
7191,OCF GR,—,—,—,—,50.81,—,—,—,—,—,—
7191,FCF GR,—,—,—,—,—,—,—,—,—,—,—
7191,D/E,—,0.01,0.03,0.28,0.39,0.35,0.05,0.08,0.03,0.45,0.15
7191,Price,0.7750,1.5300,0.6000,0.4350,0.6000,0.6550,0.7800,0.9700,0.9600,1.0000,1.9000
7200,Year End,TTM,2020-12,2019-12,2018-12,2017-12,2016-12,2015-12,2014-12,2013-12,2012-12,2011-12
7200,Revenue,194,191,173,184,286,437,360,232,206,190,182
7200,NP,29,27,-16,-49,23,31,21,12,4,7,7
7200,EPS,0.08,0.08,-0.05,-0.14,0.06,0.09,0.07,0.05,0.02,0.03,0.03
7200,DPS,0.01,—,—,0.01,0.01,0.05,0.01,—,0.01,0.02,0.02
7200,Div Payout,11.7,—,—,—,—,27.4,29.7,—,81.9,66.7,63.5
7200,Shares,359,358,348,348,371,354,303,240,240,240,240
7200,BVPS,0.60,0.57,0.57,0.60,0.68,0.71,0.61,0.57,0.51,0.52,0.49
7200,OCF,35,34,22,—,25,96,19,62,11,29,-9
7200,FCF,28,28,17,-2,21,6,-9,8,5,-11,-35
7200,NP Margin,15.07,14.35,-9.42,-26.46,8.15,7.13,5.92,5.20,1.81,3.52,3.93
7200,ROE,14.19,13.65,-8.32,-21.16,9.45,15.16,14.26,9.78,3.02,5.45,6.00
7200,Revenue GR,4.67,10.71,-6.20,-35.60,-34.68,21.66,54.89,12.50,8.78,4.22,8.06
7200,Revenue GR 3Y avg,—,-12.55,-26.65,-20.01,7.17,28.46,23.76,8.44,7.00,8.28,4.73
7200,Revenue GR 5Y avg,—,-11.87,-5.75,-2.26,8.54,19.17,16.38,9.21,5.42,5.90,8.63
7200,Revenue GR 10Y avg,—,1.27,1.45,1.51,7.21,13.77,—,—,—,—,—
7200,NP GR,—,5.59,—,—,24.46,102.96,47.18,19.05,-14.75,-14.04,-12.57
7200,NP GR 3Y avg,—,5.21,—,—,28.41,34.23,28.71,2.83,-19.02,-9.70,-6.66
7200,NP GR 5Y avg,—,16.37,—,—,7.68,11.93,—,—,—,—,—
7200,NP GR 10Y avg,0.0,0.0,0.0,0.0,0.0,0.0,0.0,0.0,0.0,0.0,0.0
7200,EPS GR,37.98,—,—,—,-33.33,28.57,40.00,150.00,-33.33,—,—
7200,EPS GR 3Y avg,—,10.06,—,—,6.27,65.10,32.64,18.56,-12.64,-11.83,-12.40
7200,EPS GR 5Y avg,—,2.71,—,—,14.87,24.57,18.47,2.70,-14.83,-8.31,-6.55
7200,EPS GR 10Y avg,—,10.31,—,—,2.63,7.90,—,—,—,—,—
7200,OCF GR,—,59.05,—,—,-73.37,396.17,-69.09,452.41,-61.37,—,—
7200,FCF GR,—,66.31,—,—,252.68,—,—,70.13,—,—,—
7200,D/E,0.09,0.09,0.11,—,—,0.21,0.32,0.13,0.17,0.18,0.21
7200,Price,0.5600,0.6600,0.2800,0.2400,0.3950,0.6850,1.0500,0.8600,0.2900,0.3200,0.3500
7201,Year End,TTM,2020-12,2019-12,2018-12,2017-12,2016-12,2015-12,2014-12,2013-12,2012-12,2011-12
7201,Revenue,93,88,100,87,84,87,81,84,97,89,88
7201,NP,-3,-3,2,—,1,-7,-2,8,16,7,11
7201,EPS,—,—,—,—,—,-0.01,—,0.01,0.02,0.01,0.02
7201,DPS,0.01,0.01,—,0.01,0.01,—,—,0.01,0.01,0.01,0.01
7201,Div Payout,—,—,116.7,812.5,—,—,73.8,38.5,58.1,55.2,136.7
7201,Shares,656,656,656,656,657,657,658,658,658,658,658
7201,BVPS,0.11,0.11,0.12,0.12,0.13,0.14,0.18,0.17,0.16,0.16,0.14
7201,OCF,7,6,18,7,4,19,7,26,30,-7,17
7201,FCF,-2,-3,11,—,-2,10,2,19,22,-51,13
7201,NP Margin,-2.75,-3.20,1.94,0.51,1.20,-8.47,-2.84,10.05,16.37,7.94,12.97
7201,ROE,-3.39,-3.66,2.41,0.54,1.16,-8.04,-2.20,7.63,14.85,7.07,12.18
7201,Revenue GR,28.54,-11.60,13.77,4.28,-4.03,8.53,-4.12,-13.24,8.28,1.77,4.65
7201,Revenue GR 3Y avg,—,1.60,4.42,2.79,-0.04,-3.35,-3.42,-1.49,4.86,6.16,7.14
7201,Revenue GR 5Y avg,—,1.78,3.45,-2.01,-1.27,-0.10,-0.83,2.36,6.27,8.97,9.72
7201,Revenue GR 10Y avg,—,0.47,2.91,2.04,3.73,4.69,—,—,—,—,—
7201,NP GR,—,—,—,—,-50.79,—,—,-9.50,102.37,-12.17,-1.18
7201,NP GR 3Y avg,—,—,-25.53,-50.99,-32.35,—,—,-4.23,6.06,-11.35,-1.29
7201,NP GR 5Y avg,—,—,-15.55,-27.90,-22.56,—,—,—,—,—,—
7201,NP GR 10Y avg,0.0,0.0,0.0,0.0,0.0,0.0,0.0,0.0,0.0,0.0,0.0
7201,EPS GR,-57.14,—,200.00,-50.00,—,—,—,-45.83,118.18,-35.29,466.67
7201,EPS GR 3Y avg,—,—,—,—,-46.42,—,—,-8.55,100.00,-11.74,-1.89
7201,EPS GR 5Y avg,—,—,-25.42,-47.04,-28.89,—,—,-4.07,5.92,-11.27,36.40
7201,EPS GR 10Y avg,—,—,-15.41,-25.10,-20.57,—,—,—,—,—,—
7201,OCF GR,—,-66.09,148.24,84.12,-79.60,165.90,-72.67,-13.31,—,—,-9.92
7201,FCF GR,—,—,—,—,—,348.32,-88.26,-15.58,—,—,-9.59
7201,D/E,0.03,0.03,0.01,0.01,—,—,—,—,—,—,—
7201,Price,0.1300,0.1100,0.1200,0.1200,0.1300,0.1400,0.1900,0.2050,0.1700,0.1600,0.2200
7202,Year End,TTM,2020-12,2019-12,2018-12,2017-12,2016-12,2015-12,2014-12,2013-12,2012-12,2011-12
7202,Revenue,48,46,56,63,57,57,54,58,52,62,52
7202,NP,8,6,6,7,12,13,11,10,9,13,9
7202,EPS,0.06,0.05,0.05,0.06,0.10,0.11,0.10,0.08,0.08,0.11,0.08
7202,DPS,0.03,0.05,0.07,0.07,0.10,0.12,0.08,0.08,0.11,0.10,0.10
7202,Div Payout,47.9,57.4,148.3,158.7,108.1,77.3,101.6,97.2,154.7,86.1,111.0
7202,Shares,120,120,120,120,120,120,120,120,120,120,120
7202,BVPS,0.79,0.77,0.76,0.77,0.78,0.78,0.77,0.77,0.77,0.81,0.74
7202,OCF,15,15,9,12,7,19,15,10,7,19,11
7202,FCF,14,14,7,9,2,17,14,10,7,13,9
7202,NP Margin,15.65,13.77,11.15,11.50,21.43,23.16,21.30,17.32,17.44,21.29,17.81
7202,ROE,8.11,6.88,6.67,7.55,12.77,13.73,11.92,10.62,9.47,14.06,10.16
7202,Revenue GR,15.24,-17.48,-10.85,9.63,—,6.32,-7.62,11.52,-15.98,19.27,-7.96
7202,Revenue GR 3Y avg,—,-6.92,-0.76,5.24,-0.60,3.08,-4.70,3.78,-2.66,13.66,3.30
7202,Revenue GR 5Y avg,—,-3.03,-0.81,3.73,-1.65,1.88,-1.01,6.59,2.01,1.69,-2.45
7202,Revenue GR 10Y avg,—,-2.03,2.82,2.87,0.01,-0.31,—,—,—,—,—
7202,NP GR,—,-19.66,-22.21,-14.30,6.71,13.30,-4.69,2.82,-8.32,17.41,6.02
7202,NP GR 3Y avg,—,-11.12,-9.17,-4.56,-1.52,7.37,-0.62,4.29,3.18,3.25,-3.60
7202,NP GR 5Y avg,—,-6.02,-2.67,-0.77,0.84,1.74,—,—,—,—,—
7202,NP GR 10Y avg,0.0,0.0,0.0,0.0,0.0,0.0,0.0,0.0,0.0,0.0,0.0
7202,EPS GR,122.78,1.93,-13.50,-41.18,-7.44,15.51,13.57,10.82,-31.34,42.27,-21.46
7202,EPS GR 3Y avg,—,-19.66,-22.20,-14.32,6.69,13.28,-4.75,2.68,-8.45,17.36,6.08
7202,EPS GR 5Y avg,—,-11.12,-9.18,-4.57,-1.57,7.27,-0.70,4.23,3.12,3.29,-3.56
7202,EPS GR 10Y avg,—,-6.06,-2.71,-0.80,0.83,1.71,—,—,—,—,—
7202,OCF GR,—,59.08,-24.26,80.69,-64.02,25.11,43.97,49.32,-62.42,68.27,-22.59
7202,FCF GR,—,87.24,-17.93,306.67,-86.69,17.07,46.48,50.82,-48.06,33.30,-20.80
7202,D/E,—,—,—,—,—,—,—,—,—,—,—
7202,Price,1.6200,0.9050,0.9950,1.0900,1.6500,1.7900,1.2100,1.2000,1.0900,1.0400,0.7300
7203,Year End,TTM,2020-12,2019-12,2018-12,2017-12,2016-12,2015-12,2014-12,2013-12,2012-12,2011-12
7203,Revenue,246,243,274,260,275,309,293,254,247,260,256
7203,NP,7,6,11,10,11,18,13,7,9,7,13
7203,EPS,0.05,0.04,0.07,0.07,0.07,0.11,0.08,0.04,0.06,0.04,0.08
7203,DPS,0.04,0.04,0.04,0.04,0.03,0.04,0.03,0.03,0.02,0.02,0.02
7203,Div Payout,99.6,84.9,58.9,62.4,44.1,34.1,28.8,44.6,41.5,45.4,24.0
7203,Shares,159,159,159,159,159,159,160,159,159,159,159
7203,BVPS,1.26,1.26,1.21,1.19,1.16,1.11,1.06,1.01,0.99,0.95,0.86
7203,OCF,30,12,27,21,8,-2,21,-1,9,8,26
7203,FCF,28,10,17,20,5,-3,15,-2,8,7,-2
7203,NP Margin,2.91,2.45,4.12,3.98,3.84,5.73,4.55,2.71,3.70,2.70,5.24
7203,ROE,3.62,3.05,5.87,5.51,5.76,10.12,8.01,4.28,5.89,4.67,9.42
7203,Revenue GR,5.96,-11.28,5.07,-5.41,-10.95,5.63,15.24,2.72,-4.77,1.41,7.21
7203,Revenue GR 3Y avg,—,-4.11,-3.99,-3.82,2.73,7.74,4.08,-0.27,1.16,7.98,2.40
7203,Revenue GR 5Y avg,—,-3.67,1.50,1.04,1.18,3.85,4.15,4.25,0.73,5.23,8.44
7203,Revenue GR 10Y avg,—,0.16,2.87,0.89,3.19,6.12,—,—,—,—,—
7203,NP GR,—,-17.40,-13.96,-8.02,15.31,24.57,23.88,-19.93,-10.45,-20.42,22.34
7203,NP GR 3Y avg,—,-14.86,10.36,2.48,8.58,5.70,0.85,-13.08,4.55,-6.91,2.74
7203,NP GR 5Y avg,—,-7.34,-2.06,3.51,0.54,4.21,—,—,—,—,—
7203,NP GR 10Y avg,0.0,0.0,0.0,0.0,0.0,0.0,0.0,0.0,0.0,0.0,0.0
7203,EPS GR,48.73,-47.26,8.88,-1.95,-40.32,33.17,93.09,-25.56,32.20,-47.87,-18.69
7203,EPS GR 3Y avg,—,-17.42,-13.95,-7.98,15.34,24.16,23.86,-19.95,-17.56,-27.57,11.48
7203,EPS GR 5Y avg,—,-14.86,10.38,2.29,8.59,5.70,-4.24,-17.86,-0.92,-11.97,-2.84
7203,EPS GR 10Y avg,—,-9.70,-4.78,0.67,-2.22,1.34,—,—,—,—,—
7203,OCF GR,—,-57.09,31.76,173.79,—,—,—,—,18.90,-69.47,212.17
7203,FCF GR,—,-44.39,-12.85,285.73,—,—,—,—,15.32,—,—
7203,D/E,0.02,0.02,—,0.04,0.05,0.07,0.09,0.11,0.21,0.11,0.02
7203,Price,0.8500,0.8800,0.9400,1.0000,1.9100,0.7700,0.6900,0.4800,0.4500,0.4500,0.5600
7204,Year End,TTM,2020-12,2019-12,2018-12,2017-12,2016-12,2015-12,2014-12,2013-12,2012-12,2011-12
7204,Revenue,663,576,504,491,463,430,433,421,341,192,171
7204,NP,72,50,35,36,22,11,10,1,—,-6,-3
7204,EPS,0.05,0.03,0.02,0.03,0.02,0.01,0.01,—,—,-0.01,—
7204,DPS,0.01,0.01,0.01,0.01,0.01,—,—,—,—,—,—
7204,Div Payout,13.8,22.8,44.9,21.5,26.8,—,—,—,—,—,—
7204,Shares,"1,536","1,528","1,513","1,429","1,046","1,012",999,"1,002",992,976,976
7204,BVPS,0.19,0.13,0.11,0.05,0.21,0.19,0.15,0.13,0.13,0.13,0.14
7204,OCF,94,68,51,66,64,45,-9,29,46,9,-1
7204,FCF,2,-6,-26,2,16,-9,-42,6,21,1,-14
7204,NP Margin,10.52,8.20,6.91,6.51,4.83,2.62,2.36,0.17,0.12,-3.03,-1.90
7204,ROE,39.54,30.18,31.50,20.43,10.76,5.89,6.41,0.57,0.32,-4.41,-2.43
7204,Revenue GR,74.00,14.17,2.76,5.92,7.73,-0.69,2.80,23.58,77.36,12.63,-6.49
7204,Revenue GR 3Y avg,—,7.51,5.45,4.25,3.22,8.05,31.10,35.15,23.16,-2.60,16.38
7204,Revenue GR 5Y avg,—,5.86,3.66,7.56,19.24,20.30,18.87,15.16,25.78,9.54,7.47
7204,Revenue GR 10Y avg,—,12.18,9.26,16.32,14.29,13.71,—,—,—,—,—
7204,NP GR,—,30.45,45.71,52.07,212.50,204.06,—,—,—,—,—
7204,NP GR 3Y avg,—,37.17,116.51,145.77,—,—,—,-44.42,-50.75,—,—
7204,NP GR 5Y avg,—,—,9.70,10.02,-1.40,-2.25,—,—,—,—,—
7204,NP GR 10Y avg,0.0,0.0,0.0,0.0,0.0,0.0,0.0,0.0,0.0,0.0,0.0
7204,EPS GR,553.85,41.00,-8.42,17.73,91.92,8.90,—,82.50,—,—,—
7204,EPS GR 3Y avg,—,14.98,27.43,35.00,208.24,203.12,—,—,—,—,—
7204,EPS GR 5Y avg,—,26.01,99.47,128.96,—,—,—,-47.84,-53.80,—,—
7204,EPS GR 10Y avg,—,—,2.00,2.85,-4.89,-5.40,—,—,—,—,—
7204,OCF GR,—,31.85,-21.73,2.27,40.95,—,—,-36.65,415.78,—,—
7204,FCF GR,—,—,—,-84.39,—,—,—,-72.88,—,—,—
7204,D/E,0.20,0.27,0.29,0.12,0.05,0.03,—,—,0.01,0.02,0.04
7204,Price,4.1100,2.2800,0.8500,0.7150,0.7450,0.3000,0.3650,0.3200,0.3450,0.1400,0.1700
7205,Year End,TTM,2020-12,2019-12,2018-12,2017-12,2016-12,2015-12,2014-12,2013-12,2012-12,2011-12
7205,Revenue,209,216,254,254,267,273,262,261,254,223,174
7205,NP,21,20,36,31,34,44,33,22,22,21,19
7205,EPS,0.09,0.09,0.16,0.14,0.15,0.19,0.14,0.10,0.10,0.09,0.08
7205,DPS,0.08,0.08,0.10,0.19,0.10,0.03,0.06,0.05,0.05,0.06,0.03
7205,Div Payout,86.5,81.4,41.3,94.8,56.8,33.6,40.2,55.7,57.9,64.7,71.4
7205,Shares,227,228,229,229,229,229,229,229,229,229,229
7205,BVPS,1.11,1.18,1.14,1.05,1.05,0.97,1.03,0.95,0.91,0.86,0.77
7205,OCF,61,49,22,2,28,29,12,11,38,10,2
7205,FCF,38,20,15,-2,22,25,9,7,-2,-17,-29
7205,NP Margin,10.02,9.44,14.06,12.18,12.55,16.07,12.51,8.41,8.67,9.51,11.03
7205,ROE,8.28,8.22,14.73,12.72,13.70,19.81,15.54,10.29,10.92,11.03,10.52
7205,Revenue GR,-11.32,-14.89,0.10,-4.99,-2.01,4.20,0.34,2.48,14.00,28.28,22.31
7205,Revenue GR 3Y avg,—,-6.80,-2.32,-1.01,0.81,2.33,5.44,14.44,21.39,18.79,10.57
7205,Revenue GR 5Y avg,—,-3.74,-0.52,-0.05,3.66,9.40,12.96,14.38,14.60,12.98,7.85
7205,Revenue GR 10Y avg,—,4.28,6.67,7.03,8.22,8.62,—,—,—,—,—
7205,NP GR,—,-15.24,-6.56,-1.86,15.22,25.71,15.53,4.53,30.95,2.52,30.25
7205,NP GR 3Y avg,—,-9.00,10.27,7.00,9.58,17.94,27.22,2.16,20.48,19.15,9.49
7205,NP GR 5Y avg,—,7.60,6.14,13.54,14.27,13.64,—,—,—,—,—
7205,NP GR 10Y avg,0.0,0.0,0.0,0.0,0.0,0.0,0.0,0.0,0.0,0.0,0.0
7205,EPS GR,12.95,-42.70,15.53,-7.71,-23.46,33.85,49.31,-0.62,3.96,12.36,57.14
7205,EPS GR 3Y avg,—,-15.15,-6.55,-1.85,15.22,25.70,15.55,5.10,22.44,-8.24,16.26
7205,EPS GR 5Y avg,—,-8.95,10.28,7.00,9.59,18.33,22.19,-4.41,12.92,12.04,1.92
7205,EPS GR 10Y avg,—,5.48,2.67,9.92,10.81,9.82,—,—,—,—,—
7205,OCF GR,—,118.82,968.74,-92.57,-2.73,152.16,9.60,-72.34,268.29,342.18,-78.60
7205,FCF GR,—,30.02,—,—,-11.93,190.20,16.50,—,—,—,—
7205,D/E,—,—,—,—,—,—,—,0.04,0.02,0.02,—
7205,Price,1.7800,1.7400,1.9700,1.9400,2.6100,2.0100,2.0800,1.5300,2.1400,2.3100,2.1800
7207,Year End,TTM,2020-06,2019-06,2018-06,2017-06,2014-12,2013-12,2012-12,2011-12,2010-12,2009-12
7207,Revenue,221,223,325,326,395,371,323,296,255,207,198
7207,NP,17,10,15,7,46,25,29,27,24,24,26
7207,EPS,0.08,0.04,0.06,0.03,0.20,0.11,0.13,0.12,0.11,0.10,0.10
7207,DPS,0.01,0.02,0.01,0.03,0.03,0.02,0.01,0.01,0.01,0.17,0.01
7207,Div Payout,13.1,45.5,40.2,23.4,24.9,—,—,—,—,—,—
7207,Shares,228,233,235,235,231,233,231,229,228,237,245
7207,BVPS,1.44,1.38,1.36,1.36,1.28,—,—,—,—,—,—
7207,OCF,46,33,24,29,68,9,21,8,23,1,—
7207,FCF,42,27,17,16,58,-5,2,-7,-14,-13,—
7207,NP Margin,7.87,4.49,4.70,2.20,11.65,6.64,8.98,9.15,9.60,11.57,12.96
7207,ROE,5.40,3.15,4.84,2.32,16.08,10.69,14.11,15.12,15.72,17.28,21.04
7207,Revenue GR,5.10,-31.35,-0.42,-17.53,2.54,15.08,9.18,15.83,23.01,—,—
7207,Revenue GR 3Y avg,—,-17.39,-2.94,0.23,6.68,13.33,15.87,14.27,11.32,—,—
7207,Revenue GR 5Y avg,—,-5.53,1.46,3.85,10.43,13.40,11.77,15.14,25.80,—,—
7207,Revenue GR 10Y avg,—,1.64,7.19,12.87,—,—,—,—,—,—,—
7207,NP GR,—,-39.87,-10.12,-26.71,12.57,0.24,6.48,1.74,1.22,—,—
7207,NP GR 3Y avg,—,-15.08,-8.42,-17.24,10.55,-0.80,4.17,8.54,15.20,—,—
7207,NP GR 5Y avg,—,-7.19,-1.40,-4.44,—,—,—,—,—,—,—
7207,NP GR 10Y avg,0.0,0.0,0.0,0.0,0.0,0.0,0.0,0.0,0.0,0.0,0.0
7207,EPS GR,-236.96,-34.00,112.83,-84.77,28.96,-15.54,6.15,9.80,6.25,—,—
7207,EPS GR 3Y avg,—,-40.20,-10.35,-27.00,12.41,-0.52,7.39,3.96,3.77,—,—
7207,EPS GR 5Y avg,—,-15.25,-8.83,-17.65,11.03,0.15,5.42,9.89,15.36,—,—
7207,EPS GR 10Y avg,—,-6.81,-1.12,-4.65,—,—,—,—,—,—,—
7207,OCF GR,—,39.80,-17.68,-57.96,124.53,-56.27,147.79,-64.07,—,—,—
7207,FCF GR,—,58.50,6.62,-71.89,—,—,—,—,—,—,—
7207,D/E,—,—,0.05,0.05,0.08,0.11,0.17,0.23,0.17,0.07,0.03
7207,Price,0.8300,0.5650,0.9550,0.8300,3.6100,2.2600,1.3800,1.6900,1.4000,1.0100,0.8700
7210,Year End,TTM,2020-06,2019-06,2018-06,2017-06,2016-06,2015-06,2014-06,2013-06,2012-06,2011-06
7210,Revenue,662,552,545,512,461,414,420,403,365,327,295
7210,NP,20,12,13,20,21,20,20,24,23,21,20
7210,EPS,0.04,0.02,0.02,0.04,0.04,0.04,0.04,0.05,0.05,0.04,0.04
7210,DPS,0.03,0.01,0.02,0.02,0.02,0.02,0.02,0.02,0.01,0.07,0.01
7210,Div Payout,71.4,81.4,55.7,43.6,43.3,42.5,40.5,31.9,30.7,183.5,—
7210,Shares,558,558,558,558,548,528,530,531,493,487,438
7210,BVPS,0.53,0.52,0.52,0.45,0.44,0.41,0.35,0.32,0.27,0.25,—
7210,OCF,32,44,34,24,32,48,21,41,20,32,22
7210,FCF,28,38,28,18,26,28,13,26,7,16,1
7210,NP Margin,2.95,2.18,2.49,3.85,4.56,4.80,4.78,5.95,6.19,6.38,6.67
7210,ROE,6.64,4.16,4.71,7.35,8.92,9.20,10.70,15.14,16.33,17.49,19.09
7210,Revenue GR,57.55,1.15,6.60,10.90,11.49,-1.55,4.21,10.55,11.53,10.70,—
7210,Revenue GR 3Y avg,—,6.14,9.64,6.77,4.58,4.29,8.71,10.93,11.17,12.55,—
7210,Revenue GR 5Y avg,—,5.59,6.22,7.00,7.12,6.97,9.62,11.94,10.44,11.70,—
7210,Revenue GR 10Y avg,—,7.59,9.04,8.71,9.39,9.91,—,—,—,—,—
7210,NP GR,—,-16.95,-11.88,-0.68,-4.32,-4.15,-1.24,6.79,11.14,15.45,—
7210,NP GR 3Y avg,—,-9.74,-10.74,-2.68,0.15,0.16,4.11,12.10,13.15,16.59,—
7210,NP GR 5Y avg,—,-3.06,0.03,4.94,8.06,9.89,—,—,—,—,—
7210,NP GR 10Y avg,0.0,0.0,0.0,0.0,0.0,0.0,0.0,0.0,0.0,0.0,0.0
7210,EPS GR,197.26,-11.50,-30.95,-8.00,1.86,-0.79,-16.14,-1.24,6.84,-4.74,—
7210,EPS GR 3Y avg,—,-17.47,-13.51,-2.40,-5.37,-6.34,-3.99,0.17,6.87,11.48,—
7210,EPS GR 5Y avg,—,-10.69,-11.65,-5.09,-2.21,-3.51,0.22,7.89,10.52,6.30,—
7210,EPS GR 10Y avg,—,-5.40,-2.37,2.42,1.96,4.11,—,—,—,—,—
7210,OCF GR,—,29.38,42.71,-25.35,-32.69,132.18,-49.80,101.84,-35.97,41.64,—
7210,FCF GR,—,32.83,60.36,-32.41,-6.80,111.33,-48.58,266.63,-56.81,—,—
7210,D/E,0.20,0.24,0.20,0.19,0.26,0.32,0.23,0.21,0.21,0.20,0.20
7210,Price,1.3700,0.5050,0.6000,1.0500,1.3200,1.1900,1.5100,1.7800,1.4100,0.9300,0.9200
7214,Year End,TTM,2020-07,2019-07,2018-07,2017-07,2016-07,2015-07,2014-07,2013-07,2012-07,2011-07
7214,Revenue,544,419,482,498,455,484,486,487,431,400,421
7214,NP,12,8,11,14,16,16,10,9,7,7,7
7214,EPS,0.07,0.05,0.07,0.08,0.10,0.09,0.06,0.06,0.04,0.04,0.04
7214,DPS,0.02,0.03,0.02,0.02,0.02,0.02,0.02,0.02,0.01,0.01,0.01
7214,Div Payout,27.6,46.6,32.3,29.1,20.3,18.7,28.9,31.8,32.4,33.3,25.7
7214,Shares,171,170,171,168,168,168,168,168,168,168,168
7214,BVPS,0.84,0.80,0.77,0.71,0.66,0.57,0.50,0.46,0.43,0.39,0.33
7214,OCF,-18,-28,47,21,-10,37,26,12,8,13,17
7214,FCF,-21,-31,45,15,-15,34,21,8,2,12,16
7214,NP Margin,2.28,1.83,2.31,2.80,3.56,3.27,2.12,1.95,1.71,1.80,1.68
7214,ROE,8.83,5.66,8.62,11.68,14.99,16.64,12.16,12.24,10.57,11.40,12.15
7214,Revenue GR,123.14,-13.15,-3.25,9.43,-5.87,-0.43,-0.28,12.93,7.76,-4.89,15.51
7214,Revenue GR 3Y avg,—,-2.76,-0.11,0.85,-2.23,3.89,6.66,4.99,5.79,5.50,-4.17
7214,Revenue GR 5Y avg,—,-2.93,-0.21,2.93,2.61,2.82,5.92,7.40,-2.04,7.52,11.98
7214,Revenue GR 10Y avg,—,1.40,3.53,0.41,5.04,7.30,—,—,—,—,—
7214,NP GR,—,-22.01,-11.07,10.56,19.47,28.93,12.70,10.28,5.90,—,-7.41
7214,NP GR 3Y avg,—,-5.72,3.24,13.54,17.59,17.46,10.64,—,-3.70,-0.61,0.69
7214,NP GR 5Y avg,—,2.13,—,4.56,8.11,8.76,—,—,—,—,—
7214,NP GR 10Y avg,0.0,0.0,0.0,0.0,0.0,0.0,0.0,0.0,0.0,0.0,0.0
7214,EPS GR,—,-30.78,-21.33,-13.93,2.27,53.49,8.72,28.41,2.67,1.69,13.75
7214,EPS GR 3Y avg,—,-22.32,-11.52,10.55,19.50,28.92,12.75,10.27,5.90,—,-7.41
7214,EPS GR 5Y avg,—,-5.95,2.94,13.53,17.61,17.47,10.64,—,-3.69,-0.63,0.69
7214,EPS GR 10Y avg,—,2.01,—,4.57,8.10,8.76,—,—,—,—,—
7214,OCF GR,—,—,122.09,—,—,45.93,107.37,63.03,-41.92,-24.04,—
7214,FCF GR,—,—,192.06,—,—,66.78,161.45,352.14,-85.08,-25.51,—
7214,D/E,0.39,—,—,—,—,0.01,0.02,0.02,0.03,—,—
7214,Price,0.7600,0.4300,0.5100,0.7300,1.1000,0.8250,0.4900,0.6500,0.4200,0.4500,0.4100
7216,Year End,TTM,2020-12,2019-12,2018-12,2017-12,2016-12,2015-12,2014-12,2013-12,2012-12,2011-12
7216,Revenue,266,255,214,200,196,187,166,150,126,110,104
7216,NP,30,28,12,23,29,33,32,21,16,14,14
7216,EPS,0.08,0.08,0.03,0.06,0.08,0.13,0.10,0.07,0.07,0.06,0.06
7216,DPS,0.03,0.03,0.03,0.03,0.02,0.02,0.01,—,—,0.01,0.01
7216,Div Payout,36.6,33.6,71.2,39.0,21.7,18.5,15.2,12.2,13.1,21.3,11.8
7216,Shares,361,361,360,360,360,249,309,282,241,240,240
7216,BVPS,0.96,0.94,0.89,0.88,0.85,0.81,0.74,0.60,0.55,0.49,0.39
7216,OCF,58,52,42,18,29,32,36,24,22,23,7
7216,FCF,37,34,21,-3,-6,-24,-23,2,17,8,2
7216,NP Margin,11.11,11.00,5.70,11.41,14.83,17.64,19.32,13.98,12.79,12.29,13.66
7216,ROE,8.87,8.38,3.78,7.24,9.70,12.98,17.26,14.41,12.70,11.93,14.06
7216,Revenue GR,21.78,18.99,7.05,1.89,4.97,12.77,10.87,18.27,14.70,5.96,12.84
7216,Revenue GR 3Y avg,—,9.08,4.62,6.45,9.49,13.93,14.57,12.86,11.10,7.95,11.41
7216,Revenue GR 5Y avg,—,8.97,7.44,9.60,12.23,12.44,12.45,11.28,10.94,12.80,14.65
7216,Revenue GR 10Y avg,—,10.70,9.34,10.27,12.51,13.54,—,—,—,—,—
7216,NP GR,—,-1.26,-28.24,-10.71,11.66,26.81,33.24,13.75,4.53,-0.08,14.39
7216,NP GR 3Y avg,—,-2.64,-10.23,7.11,16.53,18.35,17.73,9.02,11.25,10.40,11.52
7216,NP GR 5Y avg,—,7.06,-1.07,9.16,13.43,14.88,—,—,—,—,—
7216,NP GR 10Y avg,0.0,0.0,0.0,0.0,0.0,0.0,0.0,0.0,0.0,0.0,0.0
7216,EPS GR,23.37,129.20,-46.53,-21.73,-18.49,-4.19,39.70,10.00,19.57,-4.63,0.30
7216,EPS GR 3Y avg,—,-1.38,-30.13,-15.13,2.94,13.76,22.48,7.85,4.58,-0.07,14.39
7216,EPS GR 5Y avg,—,-5.61,-14.51,-1.25,7.49,10.92,11.94,5.59,11.29,1.81,2.83
7216,EPS GR 10Y avg,—,2.79,-4.99,4.83,4.61,6.80,—,—,—,—,—
7216,OCF GR,—,24.47,132.43,-38.61,-7.97,-10.39,45.86,10.54,-4.48,222.18,-60.94
7216,FCF GR,—,63.74,—,—,—,—,—,-88.68,110.49,414.24,-85.46
7216,D/E,0.01,0.02,0.03,0.04,0.05,0.07,0.12,0.04,0.02,0.03,0.04
7216,Price,1.8600,2.0800,1.3900,1.9100,2.9400,3.8000,3.5900,1.4000,1.3900,0.8700,1.0000
7217,Year End,TTM,2020-12,2019-12,2018-12,2017-12,2016-12,2015-12,2014-12,2013-12,2012-12,2011-12
7217,Revenue,171,136,121,116,132,106,80,64,76,145,163
7217,NP,9,3,3,3,19,12,6,-3,6,5,10
7217,EPS,0.04,0.02,0.02,0.02,0.11,0.07,0.04,-0.02,0.04,0.03,0.06
7217,DPS,—,—,—,0.03,—,0.03,—,—,0.02,0.03,0.03
7217,Div Payout,—,—,—,62.7,25.1,—,—,—,—,85.0,26.7
7217,Shares,196,191,185,186,170,169,169,169,169,169,171
7217,BVPS,1.27,1.24,1.28,1.03,0.94,0.98,0.87,0.86,0.82,0.85,0.76
7217,OCF,64,39,12,-23,-7,3,4,1,—,25,14
7217,FCF,14,-8,3,-33,-13,-1,-1,-4,-10,11,-13
7217,NP Margin,5.00,2.55,2.81,2.68,14.18,11.80,7.75,-4.31,8.19,3.44,5.93
7217,ROE,3.40,1.40,1.64,1.73,10.93,8.16,4.22,-1.91,4.31,3.64,7.41
7217,Revenue GR,163.09,12.22,4.47,-12.22,24.85,32.63,23.66,-15.53,-47.36,-10.85,69.47
7217,Revenue GR 3Y avg,—,0.96,4.62,13.28,26.98,11.48,-18.07,-26.54,-7.35,-3.71,13.02
7217,Revenue GR 5Y avg,—,11.25,13.43,8.71,-1.86,-8.25,-3.64,-16.87,-7.49,0.63,11.60
7217,Revenue GR 10Y avg,—,3.54,-2.90,0.28,-0.62,1.19,—,—,—,—,—
7217,NP GR,—,-42.98,-35.14,-20.52,—,25.87,7.44,—,-8.04,-18.49,45.07
7217,NP GR 3Y avg,—,-10.89,—,-13.08,30.31,5.27,-5.13,—,14.63,-15.73,-8.81
7217,NP GR 5Y avg,—,-8.06,-9.47,-0.18,4.79,-2.02,—,—,—,—,—
7217,NP GR 10Y avg,0.0,0.0,0.0,0.0,0.0,0.0,0.0,0.0,0.0,0.0,0.0
7217,EPS GR,352.17,-0.55,10.24,-84.87,48.44,101.91,—,—,26.19,-47.87,20.26
7217,EPS GR 3Y avg,—,-45.05,-37.20,-23.17,—,25.82,7.58,—,-7.52,-18.19,45.53
7217,EPS GR 5Y avg,—,-13.04,—,-14.86,30.13,5.55,-4.84,—,15.18,-15.66,-9.44
7217,EPS GR 10Y avg,—,-9.03,-10.21,-0.97,4.76,-2.23,—,—,—,—,—
7217,OCF GR,—,228.76,—,—,—,-16.96,510.09,—,—,87.61,-32.79
7217,FCF GR,—,—,—,—,—,—,—,—,—,—,—
7217,D/E,0.14,0.16,0.15,0.17,0.03,0.07,0.07,0.11,0.19,0.12,0.19
7217,Price,0.6100,0.7150,0.4450,0.4200,0.7450,0.5900,0.2950,0.2600,0.2850,0.3100,0.3100
7222,Year End,TTM,2020-06,2019-06,2018-06,2017-06,2016-06,2015-06,2014-06,2013-06,2012-06,2011-06
7222,Revenue,58,67,64,81,66,74,105,108,105,76,86
7222,NP,3,1,1,6,6,9,10,9,8,5,8
7222,EPS,0.04,0.01,0.01,0.07,0.07,0.12,0.13,0.11,0.09,0.06,0.10
7222,DPS,0.04,0.04,0.04,0.04,0.04,0.04,0.04,0.04,0.04,0.04,0.04
7222,Div Payout,58.0,54.4,466.7,47.3,35.3,34.0,27.9,28.3,38.1,34.5,—
7222,Shares,80,80,80,80,80,80,80,80,80,80,80
7222,BVPS,1.61,1.61,1.62,1.65,1.61,1.54,1.46,1.36,1.27,1.21,—
7222,OCF,10,13,13,-2,1,26,24,16,-3,8,3
7222,FCF,9,12,11,-3,-6,22,22,10,-5,7,1
7222,NP Margin,4.86,1.66,0.90,7.06,8.73,12.64,9.49,8.43,7.13,6.66,9.37
7222,ROE,2.19,0.87,0.44,4.39,4.52,7.61,8.74,8.54,7.39,5.23,8.65
7222,Revenue GR,-0.55,3.71,-21.00,22.98,-10.31,-30.17,-2.78,3.09,37.50,-11.48,—
7222,Revenue GR 3Y avg,—,0.25,-4.48,-8.33,-15.24,-11.22,11.28,7.86,11.16,-2.70,—
7222,Revenue GR 5Y avg,—,-8.79,-9.97,-5.04,-2.90,-3.16,6.60,5.48,-6.94,-2.30,—
7222,Revenue GR 10Y avg,—,-1.40,-2.55,-6.00,-2.60,-0.99,—,—,—,—,—
7222,NP GR,—,-42.32,-60.41,-16.93,-14.26,7.44,25.22,4.13,-3.22,-9.02,—
7222,NP GR 3Y avg,—,-35.63,-42.44,-5.24,2.49,2.82,3.86,6.20,-14.40,-14.07,—
7222,NP GR 5Y avg,—,-18.23,-21.82,-9.93,-6.15,2.91,—,—,—,—,—
7222,NP GR 10Y avg,0.0,0.0,0.0,0.0,0.0,0.0,0.0,0.0,0.0,0.0,0.0
7222,EPS GR,46.02,91.67,-89.96,-0.42,-38.09,-6.96,9.36,21.86,47.25,-37.07,—
7222,EPS GR 3Y avg,—,-42.34,-60.44,-16.91,-14.28,7.43,25.20,4.13,-3.22,-9.02,—
7222,EPS GR 5Y avg,—,-35.64,-42.47,-5.23,2.48,2.82,3.85,6.21,-14.39,-14.06,—
7222,EPS GR 10Y avg,—,-18.25,-21.84,-9.93,-6.16,-1.75,—,—,—,—,—
7222,OCF GR,—,1.11,—,—,-95.14,8.31,48.05,—,—,191.83,—
7222,FCF GR,—,4.52,—,—,—,-0.95,134.66,—,—,537.88,—
7222,D/E,0.02,0.02,0.03,0.03,0.04,0.04,0.01,—,—,—,—
7222,Price,2.0500,2.1300,2.2200,1.9000,1.8200,2.1700,1.4300,1.2200,0.9000,0.8300,0.9250
7225,Year End,TTM,2020-06,2019-06,2018-06,2017-06,2015-03,2014-03,2013-03,2012-03,2011-03,2010-03
7225,Revenue,261,202,165,113,97,144,132,84,103,83,97
7225,NP,20,9,4,-19,-12,-14,-1,-12,-12,-11,-18
7225,EPS,0.02,0.01,—,-0.03,-0.02,-0.03,—,-0.05,-0.10,-0.10,-0.22
7225,DPS,0.01,—,—,—,—,—,—,—,—,—,—
7225,Div Payout,28.0,—,—,—,—,—,—,—,—,—,—
7225,Shares,"1,194","1,055",914,746,542,542,519,252,118,114,84
7225,BVPS,0.12,0.11,0.11,0.12,0.16,—,—,—,—,—,—
7225,OCF,4,10,1,-17,10,2,-12,-17,4,-5,—
7225,FCF,-7,-9,-3,-22,8,—,-17,-28,1,-10,—
7225,NP Margin,7.78,4.58,2.60,-16.80,-12.57,-10.09,-0.83,-14.24,-11.61,-13.88,-18.93
7225,ROE,14.50,7.82,4.28,-22.30,-15.02,-15.10,-1.11,-17.86,-25.95,-27.55,-45.41
7225,Revenue GR,38.25,22.76,46.48,15.64,-15.89,9.23,56.28,-18.16,24.53,—,—
7225,Revenue GR 3Y avg,—,27.64,3.28,-3.61,3.47,11.79,16.79,-4.62,—,—,—
7225,Revenue GR 5Y avg,—,7.13,11.35,1.45,2.66,8.17,—,-9.32,—,—,—
7225,Revenue GR 10Y avg,—,0.96,0.48,—,—,—,—,—,—,—,—
7225,NP GR,—,—,—,—,—,—,—,—,—,—,—
7225,NP GR 3Y avg,—,—,—,—,—,—,—,—,—,—,—
7225,NP GR 5Y avg,—,-1.95,-7.38,—,—,—,—,—,—,—,—
7225,NP GR 10Y avg,0.0,0.0,0.0,0.0,0.0,0.0,0.0,0.0,0.0,0.0,0.0
7225,EPS GR,96.87,91.30,—,—,—,—,—,—,—,—,—
7225,EPS GR 3Y avg,—,—,—,—,—,—,—,—,—,—,—
7225,EPS GR 5Y avg,—,—,—,—,—,—,—,—,—,—,—
7225,EPS GR 10Y avg,—,-20.37,-24.40,—,—,—,—,—,—,—,—
7225,OCF GR,—,—,—,—,90.79,—,—,—,—,—,—
7225,FCF GR,—,—,—,—,—,—,—,—,—,—,—
7225,D/E,—,0.01,0.02,0.07,0.02,0.03,0.04,0.06,0.42,0.54,0.83
7225,Price,0.4750,0.0550,0.0500,0.0550,0.0700,0.0850,0.0650,0.1350,0.1150,0.1400,0.3400
7227,Year End,TTM,2020-12,2019-12,2018-12,2017-12,2016-12,2015-12,2014-12,2013-12,2012-12,2011-12
7227,Revenue,69,63,63,73,68,66,60,62,62,81,80
7227,NP,8,6,4,8,7,10,9,9,5,6,4
7227,EPS,0.11,0.07,0.05,0.10,0.09,0.13,0.12,0.12,0.07,0.08,0.05
7227,DPS,0.03,0.03,0.03,0.03,0.03,0.03,0.03,0.03,0.02,0.01,0.01
7227,Div Payout,28.0,43.5,54.6,30.9,29.9,21.7,17.0,42.3,21.1,18.8,40.5
7227,Shares,78,78,79,79,79,79,79,79,79,80,80
7227,BVPS,1.33,1.29,1.25,1.23,1.16,1.09,0.99,0.85,0.81,0.75,0.64
7227,OCF,11,5,9,11,7,6,17,-1,10,10,3
7227,FCF,7,2,—,6,5,4,13,-2,5,9,2
7227,NP Margin,12.18,9.61,6.35,10.98,10.88,15.04,15.78,14.71,8.63,7.93,5.15
7227,ROE,8.29,5.97,4.08,8.46,8.24,11.81,12.51,13.48,8.71,11.23,7.76
7227,Revenue GR,45.15,-0.98,-13.41,7.52,3.46,9.61,-3.07,0.02,-23.28,0.98,18.12
7227,Revenue GR 3Y avg,—,-2.67,-1.24,6.83,3.20,2.05,-9.40,-8.15,-2.92,8.91,-7.06
7227,Revenue GR 5Y avg,—,0.89,0.46,3.40,-3.35,-3.82,-2.37,-0.17,-9.06,-5.38,-2.33
7227,Revenue GR 10Y avg,—,-0.75,0.14,-3.03,-4.37,-3.08,—,—,—,—,—
7227,NP GR,—,-6.62,-25.90,-5.34,-6.67,22.78,13.98,30.37,37.20,44.05,25.96
7227,NP GR 3Y avg,—,-8.63,-15.07,8.49,2.97,19.19,35.56,33.60,21.04,14.43,-10.21
7227,NP GR 5Y avg,—,11.29,6.52,14.59,8.55,3.45,—,—,—,—,—
7227,NP GR 10Y avg,0.0,0.0,0.0,0.0,0.0,0.0,0.0,0.0,0.0,0.0,0.0
7227,EPS GR,208.97,50.98,-50.00,8.51,-25.40,4.13,4.31,70.59,-15.00,55.09,99.04
7227,EPS GR 3Y avg,—,-6.43,-26.03,-5.53,-6.77,22.83,14.79,31.01,37.93,44.01,26.06
7227,EPS GR 5Y avg,—,-8.64,-15.16,8.45,3.28,19.56,36.10,34.06,21.44,14.51,-11.02
7227,EPS GR 10Y avg,—,11.50,6.65,14.76,8.75,3.14,—,—,—,—,—
7227,OCF GR,—,-41.61,-15.26,62.20,4.14,-61.62,—,—,9.02,282.94,311.46
7227,FCF GR,—,458.78,-92.81,7.28,41.07,-71.96,—,—,-38.63,335.38,—
7227,D/E,—,0.01,0.02,0.03,0.04,0.11,0.06,0.11,0.13,—,—
7227,Price,0.8950,0.8500,0.8200,1.0600,1.1000,1.2400,1.0000,0.7100,0.8750,0.3700,0.2400
7229,Year End,TTM,2020-12,2019-12,2018-12,2017-12,2016-12,2015-12,2014-12,2013-12,2012-12,2011-12
7229,Revenue,532,554,688,531,526,582,792,798,764,697,482
7229,NP,44,44,83,63,63,75,95,88,67,61,48
7229,EPS,0.20,0.20,0.37,0.28,0.28,0.34,0.43,0.40,0.31,0.33,0.26
7229,DPS,0.15,0.15,0.14,0.14,0.15,0.15,0.12,0.10,0.08,0.06,0.05
7229,Div Payout,75.6,—,40.0,56.5,45.7,41.9,27.3,25.4,30.3,18.3,24.5
7229,Shares,224,224,225,221,223,221,220,218,217,188,182
7229,BVPS,3.35,3.19,3.06,2.88,2.79,2.58,2.40,1.99,1.73,1.61,1.09
7229,OCF,85,95,54,125,84,109,161,104,82,43,63
7229,FCF,27,24,-8,23,51,64,136,83,69,9,39
7229,NP Margin,8.35,8.03,12.01,11.94,11.98,12.82,11.95,10.98,8.82,8.78,9.87
7229,ROE,6.01,6.12,12.02,9.82,10.31,13.08,18.79,20.40,18.22,21.14,22.01
7229,Revenue GR,-15.57,-19.41,29.67,0.78,-9.58,-26.52,-0.68,4.41,9.68,44.45,25.13
7229,Revenue GR 3Y avg,—,1.74,5.72,-12.52,-12.94,-8.66,4.38,18.27,25.62,9.22,-6.02
7229,Revenue GR 5Y avg,—,-6.89,-2.92,-7.04,-5.45,3.84,15.50,8.33,5.63,8.95,6.15
7229,Revenue GR 10Y avg,—,3.70,2.55,-0.91,1.49,4.99,—,—,—,—,—
7229,NP GR,—,-10.99,3.46,-12.55,-10.37,3.46,15.70,22.55,33.06,30.08,29.69
7229,NP GR 3Y avg,—,-14.02,-1.16,-1.24,0.63,9.41,27.05,25.82,25.30,26.43,36.99
7229,NP GR 5Y avg,—,4.52,11.52,11.24,12.79,22.43,—,—,—,—,—
7229,NP GR 10Y avg,0.0,0.0,0.0,0.0,0.0,0.0,0.0,0.0,0.0,0.0,0.0
7229,EPS GR,-0.75,-45.99,28.64,1.27,-16.52,-21.58,7.50,29.37,-5.57,25.48,60.90
7229,EPS GR 3Y avg,—,-11.06,2.84,-12.80,-11.05,2.93,9.51,15.30,24.00,27.05,27.47
7229,EPS GR 5Y avg,—,-14.36,-1.72,-1.61,-2.98,5.26,21.53,20.16,19.67,24.85,29.76
7229,EPS GR 10Y avg,—,2.02,8.67,8.51,10.06,16.87,—,—,—,—,—
7229,OCF GR,—,76.36,-57.23,48.11,-22.39,-32.09,54.43,26.13,93.59,-32.52,—
7229,FCF GR,—,—,—,-54.11,-20.45,-53.16,64.07,20.98,623.87,-75.90,—
7229,D/E,0.06,0.07,0.03,0.04,0.03,—,—,—,—,0.01,0.03
7229,Price,2.2900,2.1900,2.7300,2.3000,2.7300,2.3800,2.7400,2.7500,3.1500,1.6500,1.2200
7230,Year End,TTM,2020-12,2019-12,2018-12,2017-12,2016-12,2015-12,2014-12,2013-12,2012-12,2011-12
7230,Revenue,669,552,534,564,617,472,499,565,702,583,505
7230,NP,41,31,9,5,16,5,-2,1,-4,14,31
7230,EPS,0.30,0.22,0.06,0.03,0.12,0.03,-0.01,0.01,-0.03,0.10,0.23
7230,DPS,—,—,0.01,0.01,—,—,0.01,0.01,0.02,0.04,0.03
7230,Div Payout,—,—,13.4,29.3,—,—,—,27.0,—,34.1,19.2
7230,Shares,138,138,138,138,138,138,138,138,138,138,138
7230,BVPS,1.84,1.66,1.49,1.43,1.42,1.33,1.28,1.33,1.30,1.34,1.08
7230,OCF,33,21,27,19,6,7,9,-1,26,-9,-31
7230,FCF,30,18,21,12,-1,4,6,-3,22,-12,-37
7230,NP Margin,6.12,5.64,1.64,0.84,2.60,0.99,-0.34,0.20,-0.63,2.44,6.17
7230,ROE,17.47,13.83,4.24,2.36,8.35,2.57,-0.95,0.62,-2.40,7.84,19.08
7230,Revenue GR,91.04,3.43,-5.31,-8.59,30.67,-5.43,-11.59,-19.53,20.36,15.39,41.85
7230,Revenue GR 3Y avg,—,-3.62,4.19,4.14,2.99,-12.38,-5.04,3.77,25.36,24.68,20.42
7230,Revenue GR 5Y avg,—,2.04,-1.11,-4.28,1.14,-1.35,6.98,13.42,19.39,21.11,—
7230,Revenue GR 10Y avg,—,4.48,5.91,6.90,10.67,—,—,—,—,—,—
7230,NP GR,—,24.78,23.08,—,142.58,—,—,-66.97,—,-7.91,27.16
7230,NP GR 3Y avg,—,—,50.71,—,2.41,-31.55,—,-42.73,—,2.96,—
7230,NP GR 5Y avg,—,3.84,-7.09,-10.97,2.69,—,—,—,—,—,—
7230,NP GR 10Y avg,0.0,0.0,0.0,0.0,0.0,0.0,0.0,0.0,0.0,0.0,0.0
7230,EPS GR,243.60,256.42,84.50,-70.47,242.60,—,—,—,—,-54.33,44.02
7230,EPS GR 3Y avg,—,24.77,23.13,—,142.70,—,—,-66.99,—,-10.79,23.19
7230,EPS GR 5Y avg,—,—,50.77,—,2.41,-31.56,—,-43.83,—,1.02,—
7230,EPS GR 10Y avg,—,3.71,-7.97,-11.83,1.71,—,—,—,—,—,—
7230,OCF GR,—,-22.80,41.67,223.78,-16.75,-23.59,—,—,—,—,—
7230,FCF GR,—,-15.00,72.83,—,—,-26.05,—,—,—,—,—
7230,D/E,0.02,0.03,0.06,0.01,0.01,0.03,0.02,0.07,0.13,0.23,0.16
7230,Price,0.8250,0.8550,0.4450,0.5100,0.7150,0.4000,0.5300,0.5800,0.6900,0.7000,0.7500
7231,Year End,TTM,2020-09,2019-09,2018-09,2017-09,2016-09,2015-09,2014-09,2013-09,2012-09,2011-09
7231,Revenue,137,135,170,171,159,134,158,146,132,154,137
7231,NP,30,29,37,32,36,31,41,29,25,23,15
7231,EPS,0.06,0.05,0.07,0.06,0.07,0.06,0.08,0.05,0.05,0.05,0.03
7231,DPS,0.05,0.05,0.04,0.04,0.05,0.04,0.04,0.04,0.03,0.03,0.02
7231,Div Payout,81.4,89.7,55.3,67.0,66.7,63.3,60.7,68.0,69.6,61.1,73.5
7231,Shares,—,498,498,498,498,498,499,500,499,498,495
7231,BVPS,0.25,0.23,0.23,0.21,0.20,0.20,0.18,0.17,0.17,0.16,0.16
7231,OCF,37,38,49,41,44,38,44,29,29,31,11
7231,FCF,39,36,43,34,43,30,9,20,27,27,8
7231,NP Margin,21.79,21.76,21.63,18.49,22.91,23.27,26.14,20.13,18.77,15.14,11.20
7231,ROE,24.70,24.75,32.87,29.97,36.16,32.09,45.04,34.75,30.07,29.36,19.73
7231,Revenue GR,19.68,-20.69,-0.59,7.53,18.34,-14.95,8.03,11.28,-14.70,12.68,41.70
7231,Revenue GR 3Y avg,—,-5.35,8.15,2.67,2.83,0.74,0.84,2.27,10.85,24.96,4.74
7231,Revenue GR 5Y avg,—,-3.12,3.05,5.40,0.63,-0.35,10.36,13.12,2.01,11.03,33.35
7231,Revenue GR 10Y avg,—,3.40,7.97,3.69,5.70,15.28,—,—,—,—,—
7231,NP GR,—,-6.96,5.55,-8.51,7.35,8.22,20.98,24.35,19.08,20.49,-3.61
7231,NP GR 3Y avg,—,-6.61,4.55,5.09,9.33,15.35,23.10,17.17,7.61,8.95,21.60
7231,NP GR 5Y avg,—,7.22,10.68,6.34,9.14,18.43,—,—,—,—,—
7231,NP GR 10Y avg,0.0,0.0,0.0,0.0,0.0,0.0,0.0,0.0,0.0,0.0,0.0
7231,EPS GR,20.41,-20.16,16.20,-13.11,16.44,-24.26,40.68,18.95,5.80,52.08,4.52
7231,EPS GR 3Y avg,—,-6.94,5.54,-8.49,7.45,8.22,20.98,24.16,18.92,20.17,-3.84
7231,EPS GR 5Y avg,—,-6.60,4.61,5.10,9.32,15.32,22.99,16.91,7.43,-0.03,-9.31
7231,EPS GR 10Y avg,—,7.18,10.59,6.26,4.54,2.27,—,—,—,—,—
7231,OCF GR,—,-22.57,19.77,-7.37,17.21,-14.10,52.11,-0.34,-5.42,175.49,-37.39
7231,FCF GR,—,-15.25,25.31,-20.84,42.64,255.55,-58.01,-24.00,-2.32,246.77,-50.12
7231,D/E,—,—,—,—,0.06,0.14,0.10,—,—,—,—
7231,Price,1.0700,0.8650,1.1500,1.2900,1.2900,1.9600,2.2000,1.6300,2.8300,2.2200,1.1200
7232,Year End,TTM,2020-03,2019-03,2018-03,2017-03,2016-03,2015-03,2014-03,2013-03,2012-03,2012-02
7232,Revenue,74,80,85,76,78,77,92,86,85,97,97
7232,NP,5,4,4,2,9,4,6,5,3,3,3
7232,EPS,0.03,0.03,0.03,0.01,0.06,0.03,0.04,0.04,0.02,0.02,0.02
7232,DPS,0.01,—,0.03,—,0.01,0.03,—,—,—,—,—
7232,Div Payout,40.5,61.0,—,—,35.7,54.7,—,—,—,—,—
7232,Shares,137,137,137,137,137,137,137,137,137,137,137
7232,BVPS,1.20,1.03,0.97,0.95,0.90,0.88,0.68,0.64,0.63,0.61,—
7232,OCF,13,10,3,-3,9,10,3,10,2,14,14
7232,FCF,8,6,—,-6,5,9,2,6,1,2,2
7232,NP Margin,6.88,5.03,4.13,2.47,11.23,5.61,6.37,5.76,3.35,2.93,2.93
7232,ROE,3.32,2.66,2.58,1.43,6.91,3.54,5.49,5.58,3.34,3.40,3.46
7232,Revenue GR,25.16,-5.98,11.24,-1.77,0.48,-16.00,6.69,1.75,-12.75,—,16.19
7232,Revenue GR 3Y avg,—,0.91,3.17,-6.06,-3.44,-3.03,-1.79,-5.55,0.66,10.66,4.45
7232,Revenue GR 5Y avg,—,-2.81,-0.32,-2.09,-4.38,-5.44,2.37,2.28,-0.14,2.42,3.09
7232,Revenue GR 10Y avg,—,-0.51,0.84,-1.21,-1.38,-0.84,12.18,—,—,—,—
7232,NP GR,—,-22.79,-6.80,-31.54,20.65,15.08,27.28,30.69,16.70,-2.98,15.86
7232,NP GR 3Y avg,—,-7.29,-6.72,-7.94,25.14,10.87,29.15,12.87,11.42,-22.35,-16.32
7232,NP GR 5Y avg,—,7.61,1.63,0.32,0.96,-5.03,-4.24,—,—,—,—
7232,NP GR 10Y avg,0.0,0.0,0.0,0.0,0.0,0.0,0.0,0.0,0.0,0.0,0.0
7232,EPS GR,280.00,14.51,86.13,-78.43,111.67,-25.00,—,100.00,—,—,—
7232,EPS GR 3Y avg,—,-22.81,-5.27,-30.03,16.66,14.47,25.99,39.44,—,-3.25,11.87
7232,EPS GR 5Y avg,—,-6.10,-8.61,-7.29,25.99,10.43,18.48,16.50,8.58,-22.65,-18.94
7232,EPS GR 10Y avg,—,4.25,1.93,-0.46,1.17,-6.84,-13.97,—,—,—,—
7232,OCF GR,—,275.38,—,—,-15.70,263.90,-71.06,286.90,-81.85,-0.68,53.77
7232,FCF GR,—,—,—,—,-48.42,333.78,-63.45,725.67,-70.20,-4.10,-41.45
7232,D/E,0.04,0.03,0.03,0.03,0.01,0.02,0.03,0.05,0.08,0.10,0.10
7232,Price,0.4500,0.4500,0.2000,0.3100,0.3050,0.4100,0.4000,0.2650,0.2750,0.2350,0.3100
7233,Year End,TTM,2020-12,2019-12,2018-12,2017-12,2016-12,2015-12,2014-12,2013-12,2012-12,2011-12
7233,Revenue,315,298,249,241,181,170,178,136,104,115,119
7233,NP,57,52,45,52,26,27,11,6,-6,-2,-5
7233,EPS,0.11,0.10,0.09,0.10,0.05,0.05,0.02,0.01,-0.01,-0.01,-0.01
7233,DPS,0.04,0.04,0.01,0.02,0.02,0.01,—,—,—,—,—
7233,Div Payout,39.2,41.9,11.7,26.6,26.8,23.6,—,—,—,—,17.6
7233,Shares,530,527,504,502,535,540,553,553,461,384,378
7233,BVPS,0.53,0.46,0.39,0.30,0.27,0.23,0.20,0.18,0.17,0.22,0.24
7233,OCF,57,63,29,39,22,46,26,12,9,19,14
7233,FCF,51,53,4,15,16,44,21,5,5,7,-9
7233,NP Margin,18.18,17.39,17.88,21.49,14.40,15.92,6.14,4.60,-5.32,-1.92,-4.03
7233,ROE,22.41,22.04,22.95,32.89,19.08,21.99,10.16,6.54,-6.32,-2.58,-5.46
7233,Revenue GR,26.30,19.65,3.24,33.39,6.20,-4.47,31.06,30.55,-9.02,-4.00,-7.16
7233,Revenue GR 3Y avg,—,18.11,13.51,10.61,9.96,17.80,15.89,4.47,-6.75,-0.61,-0.60
7233,Revenue GR 5Y avg,—,10.82,12.86,18.28,9.57,7.38,6.77,3.12,-3.02,0.90,5.66
7233,Revenue GR 10Y avg,—,8.78,7.88,7.10,5.15,6.52,—,—,—,—,—
7233,NP GR,—,25.77,17.98,67.97,60.80,—,—,—,—,—,—
7233,NP GR 3Y avg,—,36.48,48.03,—,—,—,9.90,-10.85,—,—,—
7233,NP GR 5Y avg,—,22.47,14.88,18.13,7.92,13.18,—,—,—,—,—
7233,NP GR 10Y avg,0.0,0.0,0.0,0.0,0.0,0.0,0.0,0.0,0.0,0.0,0.0
7233,EPS GR,34.55,11.38,-10.11,98.33,-1.39,153.69,74.79,—,—,—,—
7233,EPS GR 3Y avg,—,25.69,20.69,70.56,63.52,—,—,—,—,—,—
7233,EPS GR 5Y avg,—,37.79,50.79,—,—,—,1.86,-17.37,—,—,—
7233,EPS GR 10Y avg,—,18.47,11.62,14.25,0.99,2.04,—,—,—,—,—
7233,OCF GR,—,114.77,-24.10,77.61,-53.24,80.07,112.60,37.51,-52.29,31.21,7.38
7233,FCF GR,—,—,-76.27,-9.81,-62.59,111.45,340.15,-12.09,-25.63,—,—
7233,D/E,0.03,0.04,0.06,0.04,0.03,0.04,0.09,0.16,0.32,0.38,0.37
7233,Price,3.8000,3.2600,3.2400,2.0600,1.1700,0.6850,0.4900,0.2650,0.2000,0.2600,0.3400
7235,Year End,TTM,2020-04,2019-04,2018-04,2017-04,2016-04,2015-04,2014-04,2013-04,2012-04,2011-04
7235,Revenue,92,102,106,109,106,90,75,62,59,61,66
7235,NP,11,9,10,12,24,17,9,6,4,-1,1
7235,EPS,0.07,0.05,0.06,0.08,0.15,0.10,0.06,0.04,0.02,—,0.01
7235,DPS,0.03,0.03,0.03,0.04,0.03,0.03,0.02,0.01,—,0.01,0.01
7235,Div Payout,42.7,53.9,46.0,23.0,18.9,24.5,57.6,23.4,—,—,—
7235,Shares,159,159,159,159,159,159,159,159,158,157,162
7235,BVPS,0.84,0.81,0.78,0.72,0.65,0.57,0.40,0.37,0.34,0.32,—
7235,OCF,21,14,17,5,16,25,13,9,9,2,1
7235,FCF,19,7,4,-1,4,20,8,7,9,1,-1
7235,NP Margin,12.37,8.49,9.74,11.21,22.32,18.43,12.59,9.47,6.96,-0.92,2.02
7235,ROE,8.64,6.82,8.50,10.86,24.02,19.67,13.50,10.19,7.56,-1.05,2.43
7235,Revenue GR,-13.55,-3.86,-3.37,2.93,17.54,21.34,20.59,4.95,-3.73,-6.94,—
7235,Revenue GR 3Y avg,—,-1.48,5.35,13.65,19.81,15.37,6.80,-2.03,-1.56,-2.43,—
7235,Revenue GR 5Y avg,—,6.40,11.34,13.19,11.68,6.59,3.84,-1.26,-2.49,28.11,—
7235,Revenue GR 10Y avg,—,5.11,4.85,5.06,19.61,—,—,—,—,—,—
7235,NP GR,—,-28.63,-14.83,9.35,59.44,59.59,—,63.88,-7.92,—,—
7235,NP GR 3Y avg,—,-1.67,11.96,24.51,—,65.81,12.31,—,-12.01,—,—
7235,NP GR 5Y avg,—,5.09,—,4.67,13.46,—,—,—,—,—,—
7235,NP GR 10Y avg,0.0,0.0,0.0,0.0,0.0,0.0,0.0,0.0,0.0,0.0,0.0
7235,EPS GR,63.24,-16.20,-16.06,-48.31,42.37,77.80,60.76,41.15,—,—,—
7235,EPS GR 3Y avg,—,-28.63,-14.83,9.38,59.65,59.20,—,64.89,-6.98,—,—
7235,EPS GR 5Y avg,—,-1.65,12.04,24.32,—,66.55,12.80,—,-11.39,—,—
7235,EPS GR 10Y avg,—,5.33,—,4.95,-2.75,—,—,—,—,—,—
7235,OCF GR,—,-17.69,208.45,-66.69,-35.44,98.60,45.22,-7.24,420.44,70.31,—
7235,FCF GR,—,93.81,—,—,-80.36,135.22,17.56,-19.75,618.38,—,—
7235,D/E,0.06,0.06,0.06,0.06,0.06,0.02,0.03,0.05,0.05,0.05,0.06
7235,Price,0.9250,0.9250,0.7050,1.0600,1.2000,3.4000,1.9700,1.2200,0.6400,0.3500,0.4200
7237,Year End,TTM,2020-03,2019-03,2018-03,2017-03,2016-03,2014-02,2013-02,2012-02,2011-02,2010-02
7237,Revenue,335,386,338,424,399,368,307,279,217,185,153
7237,NP,39,51,28,9,44,43,39,34,16,12,10
7237,EPS,0.09,0.12,0.07,0.02,0.12,0.12,0.10,0.09,0.04,0.03,0.03
7237,DPS,0.08,0.08,0.06,0.10,0.09,0.08,0.07,0.05,0.03,0.03,0.03
7237,Div Payout,91.2,84.0,176.1,137.6,78.6,108.1,—,—,—,—,—
7237,Shares,446,430,404,405,385,377,381,369,360,360,360
7237,BVPS,0.63,0.65,0.56,0.60,0.64,0.66,—,—,—,—,—
7237,OCF,48,89,42,17,44,48,36,23,15,4,—
7237,FCF,24,83,33,10,39,43,31,12,12,-4,—
7237,NP Margin,11.65,13.33,8.28,2.15,10.90,11.82,12.65,12.31,7.52,6.61,6.65
7237,ROE,14.46,21.80,13.10,3.97,17.82,18.56,18.28,17.71,8.95,6.57,5.28
7237,Revenue GR,-20.49,14.23,-20.34,6.26,8.64,9.03,9.84,28.71,17.43,—,—
7237,Revenue GR 3Y avg,—,-1.11,-2.75,8.25,9.13,13.75,18.41,22.20,16.25,—,—
7237,Revenue GR 5Y avg,—,3.84,3.18,11.64,13.48,15.46,17.31,9.37,—,—,—
7237,Revenue GR 10Y avg,—,9.71,5.93,—,—,—,—,—,—,—,—
7237,NP GR,—,5.74,-13.62,-29.85,5.94,27.08,47.02,50.03,18.68,—,—
7237,NP GR 3Y avg,—,4.74,-3.31,-9.12,23.20,26.90,31.80,-2.62,—,—,—
7237,NP GR 5Y avg,—,16.17,-3.00,—,—,—,—,—,—,—,—
7237,NP GR 10Y avg,0.0,0.0,0.0,0.0,0.0,0.0,0.0,0.0,0.0,0.0,0.0
7237,EPS GR,-48.39,72.48,195.32,-79.20,-1.88,6.03,10.18,-79.60,—,—,—
7237,EPS GR 3Y avg,—,1.94,-15.53,-30.16,5.02,-28.48,44.30,48.49,155.80,—,—
7237,EPS GR 5Y avg,—,2.68,-4.61,-38.50,21.85,25.95,30.35,-4.26,—,—,—
7237,EPS GR 10Y avg,—,14.34,-4.45,—,—,—,—,—,—,—,—
7237,OCF GR,—,113.84,146.90,-62.04,-7.60,14.30,61.37,46.34,300.19,—,—
7237,FCF GR,—,150.88,241.46,-75.03,-10.41,18.08,161.32,0.49,—,—,—
7237,D/E,—,—,—,—,—,—,—,0.01,0.01,0.01,0.01
7237,Price,1.7200,1.7200,1.9000,1.2700,1.4100,2.3300,2.1500,1.6600,1.8300,1.4700,0.5200
7247,Year End,TTM,2020-04,2019-04,2018-04,2017-04,2016-04,2015-04,2014-04,2013-04,2012-04,2011-04
7247,Revenue,230,210,220,207,179,134,107,100,97,82,75
7247,NP,33,17,-5,16,23,20,15,11,8,6,6
7247,EPS,0.17,0.09,-0.03,0.09,0.13,0.12,0.10,0.07,0.05,0.04,0.04
7247,DPS,0.06,0.02,0.03,0.06,0.06,0.08,0.10,0.03,0.01,0.01,0.01
7247,Div Payout,32.6,102.9,236.7,70.9,49.7,57.7,105.4,37.2,34.5,42.7,—
7247,Shares,193,193,193,181,183,167,160,160,160,160,160
7247,BVPS,0.96,0.85,0.85,0.88,0.62,0.63,0.47,0.44,0.40,0.38,—
7247,OCF,59,29,-3,10,14,13,20,15,12,8,6
7247,FCF,47,24,-17,-92,-22,—,6,13,10,6,2
7247,NP Margin,14.25,8.21,-2.33,7.90,12.87,15.13,14.50,11.46,8.09,6.84,8.47
7247,ROE,18.73,10.57,-3.16,9.87,16.68,21.88,21.03,16.50,12.41,9.54,11.51
7247,Revenue GR,21.09,-4.14,5.86,16.01,33.92,25.20,6.31,3.52,18.00,9.38,—
7247,Revenue GR 3Y avg,—,5.59,18.04,24.83,21.25,11.28,9.10,10.14,12.68,9.96,—
7247,Revenue GR 5Y avg,—,14.57,16.96,16.44,16.84,12.20,9.51,10.19,8.49,10.70,—
7247,Revenue GR 10Y avg,—,12.01,13.52,12.40,13.73,—,—,—,—,—,—
7247,NP GR,—,-9.10,—,1.98,26.03,37.07,40.15,21.79,5.62,2.71,—
7247,NP GR 3Y avg,—,2.25,—,15.90,32.58,26.00,18.36,17.27,-0.53,-1.68,—
7247,NP GR 5Y avg,—,10.01,—,7.37,14.17,—,—,—,—,—,—
7247,NP GR 10Y avg,0.0,0.0,0.0,0.0,0.0,0.0,0.0,0.0,0.0,0.0,0.0
7247,EPS GR,94.01,—,—,-29.36,5.94,25.47,34.54,46.53,39.60,-11.70,—
7247,EPS GR 3Y avg,—,-11.27,—,-2.08,21.38,35.24,40.14,21.79,5.61,2.72,—
7247,EPS GR 5Y avg,—,-1.47,—,13.11,29.61,24.98,18.35,17.26,-4.36,-6.91,—
7247,EPS GR 10Y avg,—,7.99,—,4.01,9.85,—,—,—,—,—,—
7247,OCF GR,—,—,—,-29.10,13.73,-35.52,28.54,28.53,41.06,52.19,—
7247,FCF GR,—,—,—,—,—,—,-51.38,33.24,62.99,154.19,—
7247,D/E,0.23,0.30,0.38,0.27,0.05,0.03,0.03,0.01,0.03,0.01,0.05
7247,Price,2.2400,2.2400,1.4500,0.9900,1.5000,4.0500,2.9600,2.7200,1.4700,0.5500,0.7700
7248,Year End,TTM,2020-12,2019-12,2018-12,2017-12,2016-12,2015-12,2014-12,2013-12,2012-12,2011-12
7248,Revenue,159,147,167,188,180,169,172,174,162,151,149
7248,NP,19,16,21,25,19,25,27,12,11,9,7
7248,EPS,0.06,0.05,0.07,0.08,0.06,0.09,0.09,0.04,0.04,0.03,0.02
7248,DPS,0.06,0.06,0.06,0.04,0.04,0.04,0.02,0.02,0.02,0.02,0.02
7248,Div Payout,94.0,104.8,70.5,63.8,48.3,30.5,25.5,47.4,46.5,52.4,53.2
7248,Shares,317,317,317,317,308,297,297,297,297,297,297
7248,BVPS,0.59,0.59,0.59,0.56,0.54,0.41,0.37,0.31,0.29,0.28,0.26
7248,OCF,12,18,46,24,17,28,28,14,6,14,14
7248,FCF,11,17,36,2,8,16,21,13,—,7,13
7248,NP Margin,11.67,11.20,12.89,13.48,10.67,15.08,15.80,6.97,6.94,6.24,4.89
7248,ROE,9.91,9.00,11.76,14.51,12.83,20.76,25.92,13.10,13.04,11.72,9.47
7248,Revenue GR,34.86,-11.90,-11.28,4.41,6.78,-2.17,-1.15,7.79,7.03,1.51,-4.57
7248,Revenue GR 3Y avg,—,-6.55,-0.37,2.94,1.08,1.39,4.48,5.41,1.21,5.05,-6.79
7248,Revenue GR 5Y avg,—,-3.14,-0.89,3.05,3.56,2.52,2.01,5.99,-2.52,9.60,—
7248,Revenue GR 10Y avg,—,-0.60,2.49,0.22,6.54,—,—,—,—,—,—
7248,NP GR,—,-5.00,-5.45,-2.37,16.48,31.32,42.39,18.60,6.41,12.65,11.61
7248,NP GR 3Y avg,—,-9.58,12.08,17.69,15.27,28.40,23.94,12.98,16.47,-2.32,—
7248,NP GR 5Y avg,—,5.86,12.53,17.08,6.11,—,—,—,—,—,—
7248,NP GR 10Y avg,0.0,0.0,0.0,0.0,0.0,0.0,0.0,0.0,0.0,0.0,0.0
7248,EPS GR,52.00,-23.30,-15.25,28.21,-27.16,-6.72,124.44,8.15,18.85,29.49,-21.54
7248,EPS GR 3Y avg,—,-5.90,-7.50,-4.49,15.11,31.31,42.36,18.51,6.49,41.97,4.31
7248,EPS GR 5Y avg,—,-10.75,10.63,16.16,14.41,28.36,23.99,29.75,11.80,-13.74,—
7248,EPS GR 10Y avg,—,5.20,19.81,13.96,-0.66,—,—,—,—,—,—
7248,OCF GR,—,-61.37,90.73,44.00,-40.50,1.76,99.60,117.18,-55.49,-0.62,-1.32
7248,FCF GR,—,-54.33,—,-70.70,-49.30,-21.94,60.56,—,—,-44.28,48.68
7248,D/E,—,—,—,—,—,—,—,0.01,0.02,—,0.01
7248,Price,0.8450,0.9000,1.1600,1.1600,1.8200,2.1900,1.9000,0.5900,0.4300,0.3800,0.3800
