code,detail,TTM,Y1,Y2,Y3,Y4,Y5,Y6,Y7,Y8,Y9,Y10
6769,Year End,TTM,2021-01,2020-01,2019-01,2018-01,2017-01,2016-01,2015-01,2014-01,2013-01,2012-01
6769,Revenue,186,186,189,75,77,57,43,53,59,93,48
6769,NP,22,22,17,2,15,9,19,19,21,53,14
6769,EPS,0.01,0.01,0.01,—,0.01,0.01,0.02,0.02,0.02,0.05,0.01
6769,DPS,—,—,—,—,—,—,—,—,—,—,0.01
6769,Div Payout,—,—,19.6,47.6,46.9,11.7,9.2,19.5,18.7,79.4,79.4
6769,Shares,"2,275","2,275","2,275","2,275","1,957",807,"1,011","1,011","1,011","1,011","1,011"
6769,BVPS,0.22,0.22,0.21,0.20,0.20,0.29,0.28,0.27,0.25,0.23,0.19
6769,OCF,26,26,-2,-36,-7,-8,-50,8,28,15,28
6769,FCF,24,24,-8,-40,-16,-18,-52,5,27,14,28
6769,NP Margin,11.86,11.86,9.04,2.76,19.87,15.37,43.71,35.25,36.46,56.93,29.68
6769,ROE,4.52,4.52,3.63,0.45,4.00,2.97,6.67,6.89,8.50,24.23,7.52
6769,Revenue GR,-3.05,-1.55,150.53,-2.36,34.50,32.20,-17.33,-10.70,-36.75,92.58,-9.88
6769,Revenue GR 3Y avg,—,34.04,48.73,20.19,13.70,-0.81,-22.42,2.84,3.15,16.44,-13.42
6769,Revenue GR 5Y avg,—,33.76,29.17,5.09,-3.65,3.52,-4.12,-2.27,-4.59,10.40,-0.91
6769,Revenue GR 10Y avg,—,13.25,12.35,0.13,3.13,1.28,-3.01,—,—,—,—
6769,NP GR,—,12.86,24.62,-52.12,-6.07,-25.62,-28.97,8.91,10.13,57.10,-4.52
6769,NP GR 3Y avg,—,3.05,-1.60,-37.27,-21.94,-9.25,3.40,6.28,5.43,19.32,-0.11
6769,NP GR 5Y avg,—,3.23,2.26,-18.68,-3.49,-4.79,5.10,—,—,—,—
6769,NP GR 10Y avg,0.0,0.0,0.0,0.0,0.0,0.0,0.0,0.0,0.0,0.0,0.0
6769,EPS GR,32.43,29.33,733.33,-88.46,-10.34,-53.60,2.46,-13.78,-59.51,269.84,-10.85
6769,EPS GR 3Y avg,—,7.54,-4.83,-63.66,-24.74,-25.72,-29.02,8.89,10.11,57.18,-4.50
6769,EPS GR 5Y avg,—,-12.35,-16.34,-46.85,-31.69,-9.30,3.35,6.27,5.45,19.32,-0.12
6769,EPS GR 10Y avg,—,-4.82,-5.71,-25.14,-9.72,-4.82,5.08,—,—,—,—
6769,OCF GR,—,—,—,—,—,—,—,-69.85,84.16,-46.23,87.50
6769,FCF GR,—,—,—,—,—,—,—,-80.21,96.57,-50.43,85.43
6769,D/E,—,—,0.01,0.15,0.24,0.43,0.39,—,—,—,—
6769,Price,0.0800,0.0800,0.0750,0.0800,0.0950,0.1700,0.1950,0.2950,0.2850,0.2050,0.1900
6807,Year End,TTM,2020-12,2019-12,2018-12,2017-12,2016-12,2015-12,2014-12,2013-12,2012-12,2011-12
6807,Revenue,425,384,475,230,101,74,189,607,"1,147","3,744","2,592"
6807,NP,12,7,-57,-170,-201,-259,66,248,201,238,-84
6807,EPS,0.03,0.02,-0.13,-0.38,-0.45,-0.55,0.16,0.61,0.49,0.63,0.02
6807,DPS,—,—,—,0.01,—,—,—,—,0.05,—,—
6807,Div Payout,—,—,—,—,—,—,—,—,12.1,—,34.2
6807,Shares,447,447,447,447,447,447,421,410,409,409,409
6807,BVPS,2.95,2.84,2.94,3.33,3.68,3.41,5.04,4.71,4.29,1.24,3.65
6807,OCF,—,—,—,—,—,—,—,—,—,—,—
6807,FCF,-111,-113,-188,-203,-334,-145,-48,148,73,-20,142
6807,NP Margin,2.88,1.78,-12.05,-73.62,-199.10,-350.98,34.75,40.94,17.49,6.36,0.36
6807,ROE,0.93,0.52,-4.29,-11.71,-13.58,-16.67,3.49,12.89,17.56,77.54,1.16
6807,Revenue GR,36.89,-19.04,105.98,127.97,37.03,-60.90,-68.90,-47.10,-69.37,44.47,35.57
6807,Revenue GR 3Y avg,—,56.07,86.00,6.89,-44.97,-59.93,-63.06,-38.37,-15.66,25.66,22.34
6807,Revenue GR 5Y avg,—,15.29,-4.79,-27.45,-51.44,-50.92,-37.07,-20.31,-4.12,21.92,12.66
6807,Revenue GR 10Y avg,—,-14.82,-12.89,-16.60,-23.06,-25.64,-16.50,—,—,—,—
6807,NP GR,—,—,—,—,—,—,-34.94,—,1.89,1.49,—
6807,NP GR 3Y avg,—,-36.35,—,—,—,—,-19.13,1.75,55.47,16.68,—
6807,NP GR 5Y avg,—,-28.25,—,—,—,—,-7.21,—,—,—,—
6807,NP GR 10Y avg,0.0,0.0,0.0,0.0,0.0,0.0,0.0,0.0,0.0,0.0,0.0
6807,EPS GR,-127.66,—,—,—,—,—,-74.25,30.75,-20.48,—,-93.15
6807,EPS GR 3Y avg,—,—,—,—,—,—,-35.55,211.60,16.58,18.71,-27.60
6807,EPS GR 5Y avg,—,-37.13,—,—,—,—,-11.81,11.71,54.42,19.63,-47.59
6807,EPS GR 10Y avg,—,-25.54,—,—,—,—,0.22,—,—,—,—
6807,OCF GR,—,—,—,—,—,—,—,52.56,-50.51,-27.06,-15.40
6807,FCF GR,—,—,—,—,—,—,—,101.26,—,—,-51.64
6807,D/E,0.80,0.80,0.81,0.70,0.09,0.01,0.02,0.09,1.09,9.31,—
6807,Price,0.5150,0.4650,0.3200,0.3500,0.6200,0.8950,1.4600,2.9600,3.2500,1.1800,0.9600
6874,Year End,TTM,2019-12,2018-12,2017-12,2016-12,2015-12,2014-12,2013-12,2012-12,2011-12,2010-12
6874,Revenue,268,289,332,598,496,447,676,933,827,708,796
6874,NP,74,17,1,32,23,8,2,5,-17,-60,11
6874,EPS,0.13,0.03,—,0.06,0.04,0.01,—,0.01,-0.03,-0.11,0.02
6874,DPS,—,—,0.02,0.01,0.01,—,—,—,—,0.02,0.02
6874,Div Payout,—,—,—,—,—,—,—,—,—,—,—
6874,Shares,556,556,556,556,556,556,556,556,556,556,556
6874,BVPS,0.71,—,—,—,—,—,—,—,—,—,—
6874,OCF,27,13,56,40,27,21,68,54,-16,55,29
6874,FCF,11,-7,-113,1,3,-30,33,37,-26,26,-9
6874,NP Margin,27.51,6.00,0.35,5.38,4.56,1.76,0.34,0.52,-2.02,-8.53,1.44
6874,ROE,21.42,5.34,0.37,10.36,7.89,2.87,0.84,1.80,-6.10,-19.05,3.25
6874,Revenue GR,-18621.37,-12.88,-44.47,20.62,10.82,-33.86,-27.47,12.81,16.69,-11.02,—
6874,Revenue GR 3Y avg,—,-16.44,-9.46,-4.02,-18.99,-18.51,-1.53,5.41,-1.60,-7.41,—
6874,Revenue GR 5Y avg,—,-15.62,-18.66,-6.27,-6.89,-10.89,-4.86,0.88,7.14,-1.55,—
6874,Revenue GR 10Y avg,—,-10.40,-9.41,0.21,-4.26,—,—,—,—,—,—
6874,NP GR,—,-8.46,-46.88,141.14,67.14,—,—,-24.99,—,—,—
6874,NP GR 3Y avg,—,49.89,-24.65,—,—,-7.31,-45.37,-31.63,—,—,—
6874,NP GR 5Y avg,—,-9.51,-28.23,—,—,—,—,—,—,—,—
6874,NP GR 10Y avg,0.0,0.0,0.0,0.0,0.0,0.0,0.0,0.0,0.0,0.0,0.0
6874,EPS GR,-80.04,—,-96.37,42.14,188.40,243.90,-52.87,—,—,—,—
6874,EPS GR 3Y avg,—,-8.45,-46.99,141.57,67.20,—,—,-24.97,—,—,—
6874,EPS GR 5Y avg,—,50.06,-24.74,—,—,-7.30,-45.43,-31.65,—,—,—
6874,EPS GR 10Y avg,—,-9.50,-28.28,—,—,—,—,—,—,—,—
6874,OCF GR,—,-77.28,41.19,47.23,25.77,-68.48,25.40,—,—,93.57,—
6874,FCF GR,—,—,—,-44.94,—,—,-10.62,—,—,—,—
6874,D/E,0.18,0.22,0.36,0.16,0.17,0.17,0.15,0.16,0.18,0.17,0.06
6874,Price,0.6450,0.3350,0.2350,0.3900,0.4000,0.2900,0.3800,0.4050,0.4100,0.6800,0.6700
6904,Year End,TTM,2020-07,2019-07,2018-07,2017-07,2016-07,2015-07,2014-07,2013-07,2012-07,2011-07
6904,Revenue,342,330,315,322,493,555,754,887,769,666,628
6904,NP,-16,-25,-36,-19,-17,-38,3,39,16,34,34
6904,EPS,-0.09,-0.13,-0.19,-0.11,-0.08,-0.17,0.01,0.20,0.08,0.18,0.18
6904,DPS,—,—,—,—,—,—,0.05,0.03,0.05,0.05,0.04
6904,Div Payout,—,—,—,—,—,—,54.4,15.5,54.0,27.3,25.1
6904,Shares,189,188,188,188,188,188,188,188,188,188,188
6904,BVPS,2.90,2.99,3.09,3.28,3.30,3.50,3.64,3.67,3.49,3.14,2.90
6904,OCF,85,47,33,22,53,27,29,114,186,46,109
6904,FCF,51,14,-190,-86,-40,-8,-73,13,100,-1,64
6904,NP Margin,-4.80,-7.60,-11.38,-5.93,-3.40,-6.90,0.34,4.36,2.09,5.16,5.48
6904,ROE,-2.96,-4.59,-6.19,-3.11,-2.66,-5.87,0.37,5.64,2.44,5.35,5.58
6904,Revenue GR,17.14,4.89,-2.36,-34.60,-11.17,-26.44,-15.01,15.38,15.47,6.05,-7.65
6904,Revenue GR 3Y avg,—,-12.51,-17.22,-24.68,-17.80,-10.32,4.23,12.21,4.19,3.62,1.30
6904,Revenue GR 5Y avg,—,-15.23,-18.73,-15.97,-5.85,-2.45,2.09,8.19,4.95,3.86,4.31
6904,Revenue GR 10Y avg,—,-6.97,-6.23,-6.09,-1.11,0.87,—,—,—,—,—
6904,NP GR,—,—,—,—,—,—,-57.90,3.94,-18.74,24.41,11.53
6904,NP GR 3Y avg,—,—,—,—,—,—,-38.87,16.73,-8.29,-13.69,-14.23
6904,NP GR 5Y avg,—,—,—,—,—,—,—,—,—,—,—
6904,NP GR 10Y avg,0.0,0.0,0.0,0.0,0.0,0.0,0.0,0.0,0.0,0.0,0.0
6904,EPS GR,-561.11,—,—,—,—,—,-93.20,139.53,-53.01,0.04,14.79
6904,EPS GR 3Y avg,—,—,—,—,—,—,-57.55,4.04,-18.59,24.67,11.69
6904,EPS GR 5Y avg,—,—,—,—,—,—,-38.52,16.88,-8.12,-13.56,-13.95
6904,EPS GR 10Y avg,—,—,—,—,—,—,—,—,—,—,—
6904,OCF GR,—,40.07,55.25,-59.05,94.43,-7.75,-74.34,-38.47,300.08,-57.37,20.33
6904,FCF GR,—,—,—,—,—,—,—,-87.52,—,—,74.43
6904,D/E,0.38,0.43,0.41,0.14,0.15,0.15,0.23,0.27,0.25,0.16,0.16
6904,Price,0.7200,0.5100,0.5400,0.8900,1.3700,1.4500,1.7200,2.3000,1.9300,2.3500,2.5500
6912,Year End,TTM,2020-12,2019-12,2018-12,2017-12,2016-12,2015-12,2014-12,2013-12,2012-12,2011-12
6912,Revenue,52,45,32,148,115,123,157,211,133,162,97
6912,NP,50,51,-28,-20,5,-23,-25,5,13,9,—
6912,EPS,0.13,0.13,-0.07,-0.06,0.02,-0.12,-0.11,0.02,0.06,0.04,-0.02
6912,DPS,—,—,—,—,—,—,—,0.04,—,—,0.01
6912,Div Payout,—,—,—,—,—,—,—,—,—,—,—
6912,Shares,400,400,400,354,264,216,216,216,216,216,216
6912,BVPS,0.93,0.79,0.86,0.89,1.08,1.37,1.46,1.54,1.67,1.71,1.78
6912,OCF,—,21,-9,-8,7,-9,11,10,-50,-5,3
6912,FCF,4,15,-15,-13,1,-22,9,8,-56,-6,1
6912,NP Margin,97.00,113.22,-86.82,-13.48,4.05,-18.53,-15.79,2.36,9.82,5.41,-0.53
6912,ROE,14.26,14.59,-8.17,-5.93,1.56,-7.83,-7.79,1.48,3.68,2.39,-0.14
6912,Revenue GR,130.70,41.94,-78.56,28.02,-6.03,-21.59,-25.60,58.38,-17.92,66.53,14.24
6912,Revenue GR 3Y avg,—,-26.97,-36.35,-1.93,-18.16,-2.60,-1.11,29.36,16.01,16.22,0.03
6912,Revenue GR 5Y avg,—,-22.09,-31.53,2.14,-6.55,4.78,12.97,15.33,6.47,8.60,-1.39
6912,Revenue GR 10Y avg,—,-6.19,-11.14,4.28,0.74,1.65,8.08,—,—,—,—
6912,NP GR,—,121.64,—,—,-1.99,—,—,120.06,132.15,—,-49.31
6912,NP GR 3Y avg,—,—,—,—,-11.79,—,—,—,29.55,-19.81,-17.92
6912,NP GR 5Y avg,—,47.51,—,—,-15.90,—,—,—,—,—,—
6912,NP GR 10Y avg,0.0,0.0,0.0,0.0,0.0,0.0,0.0,0.0,0.0,0.0,0.0
6912,EPS GR,30.30,—,—,—,—,—,—,-61.75,48.24,—,—
6912,EPS GR 3Y avg,—,92.87,—,—,-8.27,—,—,—,131.17,—,—
6912,EPS GR 5Y avg,—,—,—,—,-15.23,—,—,—,25.79,-22.29,—
6912,EPS GR 10Y avg,—,38.60,—,—,-18.84,—,—,—,—,—,—
6912,OCF GR,—,—,—,—,—,—,10.15,—,—,—,-12.14
6912,FCF GR,—,—,—,—,—,—,12.34,—,—,—,-72.66
6912,D/E,—,0.02,—,—,0.06,0.17,0.20,0.13,0.14,0.07,0.20
6912,Price,0.3200,0.2500,0.3450,0.3600,0.5800,0.5350,0.3100,0.3850,0.4100,0.3100,0.4000
6998,Year End,TTM,2020-03,2019-03,2018-03,2017-03,2016-03,2015-03,2014-03,2013-03,2012-03,2011-03
6998,Revenue,70,83,147,219,683,478,474,399,355,368,380
6998,NP,-7,—,—,5,-12,-36,6,-2,-1,-9,10
6998,EPS,-0.02,—,—,0.02,-0.05,-0.20,0.06,-0.01,-0.01,-0.07,0.08
6998,DPS,—,—,—,—,—,—,—,—,—,—,—
6998,Div Payout,—,—,—,—,—,—,—,—,—,—,—
6998,Shares,334,288,288,288,225,205,108,128,128,128,128
6998,BVPS,0.28,0.29,0.26,0.24,0.21,0.33,0.43,0.47,0.46,0.57,—
6998,OCF,-25,-21,-78,-52,7,14,-70,-35,-30,103,1
6998,FCF,-25,-22,-78,-55,5,14,-73,-37,-31,102,—
6998,NP Margin,-9.64,-0.43,0.23,2.26,-1.71,-7.56,1.27,-0.38,-0.23,-2.58,2.53
6998,ROE,-7.12,-0.46,0.44,7.13,-19.14,-58.99,9.74,-2.51,-1.32,-14.78,14.78
6998,Revenue GR,-38.17,-43.35,-32.83,-67.92,42.96,0.79,18.82,12.23,-3.38,-3.25,—
6998,Revenue GR 3Y avg,—,-50.39,-32.46,-22.68,19.63,10.36,8.82,1.61,-1.90,25.23,—
6998,Revenue GR 5Y avg,—,-29.36,-18.08,-9.22,13.17,4.67,4.71,16.32,18.85,6.78,—
6998,Revenue GR 10Y avg,—,-13.99,-2.38,3.87,9.93,-1.61,—,—,—,—,—
6998,NP GR,—,—,—,-6.41,—,—,—,—,—,—,—
6998,NP GR 3Y avg,—,—,—,—,—,—,74.99,—,—,—,—
6998,NP GR 5Y avg,—,—,-22.16,—,—,—,—,—,—,—,—
6998,NP GR 10Y avg,0.0,0.0,0.0,0.0,0.0,0.0,0.0,0.0,0.0,0.0,0.0
6998,EPS GR,-115.76,—,-93.02,—,—,—,—,—,—,—,—
6998,EPS GR 3Y avg,—,—,—,-28.56,—,—,—,—,—,—,—
6998,EPS GR 5Y avg,—,—,—,—,—,—,75.07,—,—,—,—
6998,EPS GR 10Y avg,—,—,-42.82,—,—,—,—,—,—,—,—
6998,OCF GR,—,—,—,—,-49.09,—,—,—,—,—,—
6998,FCF GR,—,—,—,—,-66.02,—,—,—,—,—,—
6998,D/E,1.03,1.46,1.25,0.27,0.05,0.05,0.04,0.05,0.04,0.13,0.38
6998,Price,0.4700,0.4700,0.0550,0.1300,0.1350,0.2400,0.2700,0.3100,0.3150,0.2950,0.3700
7003,Year End,TTM,2020-12,2019-12,2018-12,2017-12,2016-12,2015-12,2014-12,2013-12,2012-12,2011-12
7003,Revenue,44,39,60,65,77,116,166,109,110,159,52
7003,NP,3,1,4,11,5,18,29,16,8,5,7
7003,EPS,0.01,—,0.02,0.04,0.01,0.07,0.11,0.09,0.05,0.03,0.08
7003,DPS,—,—,—,—,—,0.05,0.10,—,—,—,—
7003,Div Payout,—,—,—,—,239.2,—,72.3,—,—,—,—
7003,Shares,218,218,218,266,266,266,266,173,154,154,77
7003,BVPS,1.35,1.34,1.25,1.33,1.28,1.31,1.22,0.93,1.13,1.10,0.10
7003,OCF,15,-24,111,-22,-8,7,-6,37,10,8,6
7003,FCF,15,-24,111,-22,-8,7,-6,33,3,8,5
7003,NP Margin,7.39,1.96,6.72,17.00,6.59,15.83,17.58,14.38,7.26,3.08,12.73
7003,ROE,1.12,0.26,1.43,4.17,1.97,7.36,12.02,7.59,4.62,2.95,7.42
7003,Revenue GR,69.93,-34.45,-7.77,-15.56,-33.90,-29.70,51.39,-0.43,-30.86,203.18,42.42
7003,Revenue GR 3Y avg,—,-20.08,-19.86,-26.79,-11.06,1.95,1.39,27.79,43.99,53.30,26.05
7003,Revenue GR 5Y avg,—,-25.01,-11.34,-9.97,-13.50,17.30,35.10,19.92,33.23,75.82,24.11
7003,Revenue GR 10Y avg,—,0.66,3.11,9.52,23.32,20.66,—,—,—,—,—
7003,NP GR,—,-46.60,-39.77,-27.61,-31.44,32.23,81.11,33.08,208.70,88.23,—
7003,NP GR 3Y avg,—,-51.62,-23.85,6.75,0.67,22.53,154.83,84.54,—,—,—
7003,NP GR 5Y avg,—,11.04,18.54,—,—,—,—,—,—,—,—
7003,NP GR 10Y avg,0.0,0.0,0.0,0.0,0.0,0.0,0.0,0.0,0.0,0.0,0.0
7003,EPS GR,-244.68,-80.98,-55.66,118.42,-72.54,-36.75,20.09,75.87,62.38,-63.33,—
7003,EPS GR 3Y avg,—,-43.10,-35.70,-27.61,-40.70,10.14,50.80,1.55,113.81,47.21,—
7003,EPS GR 5Y avg,—,-49.76,-27.38,-4.34,-9.84,-4.47,83.21,55.56,—,—,—
7003,EPS GR 10Y avg,—,-4.06,6.29,—,—,—,—,—,—,—,—
7003,OCF GR,—,—,—,—,—,—,—,262.74,22.45,38.97,—
7003,FCF GR,—,—,—,—,—,—,—,—,-64.23,66.26,—
7003,D/E,0.11,0.11,0.02,0.03,0.03,—,—,—,—,—,0.01
7003,Price,0.6000,0.5600,0.7500,0.9300,1.0000,1.1100,1.2100,0.9000,0.8450,0.8900,0.7500
7004,Year End,TTM,2020-07,2019-07,2018-07,2017-07,2016-07,2015-07,2014-07,2013-07,2012-07,2011-07
7004,Revenue,105,75,69,63,80,77,90,105,109,111,102
7004,NP,4,-6,-7,-2,1,-2,-1,9,29,11,9
7004,EPS,0.08,-0.13,-0.15,-0.04,0.03,-0.05,-0.02,0.21,0.65,0.25,0.19
7004,DPS,—,—,—,—,0.01,—,0.05,0.06,0.06,0.06,0.03
7004,Div Payout,—,—,—,—,39.3,—,144.1,28.4,8.7,22.0,—
7004,Shares,48,44,44,44,44,44,44,44,44,44,44
7004,BVPS,1.68,1.72,1.95,2.04,2.08,2.06,2.13,2.18,2.08,1.52,1.14
7004,OCF,5,2,-4,6,5,6,3,20,29,6,16
7004,FCF,4,-12,-15,—,3,3,-1,-13,25,-3,-3
7004,NP Margin,3.54,-7.74,-9.84,-3.05,1.56,-2.97,-1.19,8.70,26.45,9.97,8.51
7004,ROE,4.66,-7.24,-7.90,-2.10,1.37,-2.48,-1.13,9.58,35.92,17.61,15.87
7004,Revenue GR,134.24,8.06,10.70,-21.99,4.25,-14.58,-14.07,-4.04,-1.73,9.30,-1.98
7004,Revenue GR 3Y avg,—,-2.28,-3.44,-11.44,-8.54,-11.02,-6.77,1.02,1.73,9.46,11.02
7004,Revenue GR 5Y avg,—,-3.64,-7.95,-10.54,-6.32,-5.42,-2.78,4.34,8.01,22.66,14.11
7004,Revenue GR 10Y avg,—,-3.21,-2.00,-1.71,7.20,3.88,—,—,—,—,—
7004,NP GR,—,—,—,—,-48.41,—,—,1.75,45.39,262.56,—
7004,NP GR 3Y avg,—,—,—,—,-35.35,—,—,108.28,—,50.35,58.82
7004,NP GR 5Y avg,—,—,—,—,-1.41,—,—,—,—,—,—
7004,NP GR 10Y avg,0.0,0.0,0.0,0.0,0.0,0.0,0.0,0.0,0.0,0.0,0.0
7004,EPS GR,-109.18,—,—,—,—,—,—,-68.45,160.68,28.08,-7.95
7004,EPS GR 3Y avg,—,—,—,—,-48.40,—,—,1.75,45.39,262.54,—
7004,EPS GR 5Y avg,—,—,—,—,-35.34,—,—,108.27,—,50.35,58.82
7004,EPS GR 10Y avg,—,—,—,—,-1.40,—,—,—,—,—,—
7004,OCF GR,—,—,—,16.66,-13.51,148.25,-87.58,-29.23,384.94,-63.14,203.57
7004,FCF GR,—,—,—,-82.76,-3.28,—,—,—,—,—,—
7004,D/E,0.16,0.14,0.01,—,0.01,0.04,0.06,0.09,0.04,0.07,0.11
7004,Price,1.4000,0.5000,0.6250,0.7550,0.8000,0.7550,1.0900,1.5600,1.8000,1.2200,0.6900
7005,Year End,TTM,2020-06,2019-06,2018-06,2017-06,2016-06,2014-12,2013-12,2012-12,2011-12,2010-12
7005,Revenue,30,32,46,40,43,93,80,93,98,93,83
7005,NP,-1,-2,1,-5,-7,1,-6,4,-3,-7,-2
7005,EPS,-0.02,-0.03,0.02,-0.09,-0.14,0.02,-0.13,0.08,-0.05,-0.14,-0.05
7005,DPS,—,—,—,—,—,—,—,—,—,—,—
7005,Div Payout,—,—,—,—,—,—,—,—,—,—,—
7005,Shares,53,50,48,48,48,48,48,48,48,48,48
7005,BVPS,0.52,0.53,0.70,0.66,0.77,0.90,—,—,—,—,—
7005,OCF,—,3,3,4,5,12,9,25,15,10,9
7005,FCF,—,2,3,4,4,11,7,25,13,6,3
7005,NP Margin,-2.53,-5.79,2.08,-11.32,-15.44,1.11,-7.95,4.16,-2.59,-7.06,-2.92
7005,ROE,-2.71,-6.91,3.29,-13.51,-16.95,2.44,-14.25,8.48,-5.65,-13.20,-4.48
7005,Revenue GR,0.92,-30.75,15.25,-6.81,-54.08,11.07,-14.34,-5.15,5.81,11.85,—
7005,Revenue GR 3Y avg,—,-9.40,-20.99,-17.93,-19.89,-1.43,-4.92,3.93,4.70,-0.03,—
7005,Revenue GR 5Y avg,—,-15.35,-12.02,-15.09,-13.10,2.17,-1.39,0.05,7.18,4.30,—
7005,Revenue GR 10Y avg,—,-8.97,-6.46,-5.13,-5.21,—,—,—,—,—,—
7005,NP GR,—,—,-2.66,—,—,—,—,—,—,—,—
7005,NP GR 3Y avg,—,—,-22.47,—,—,—,—,-0.36,—,—,—
7005,NP GR 5Y avg,—,—,-12.63,—,—,—,—,—,—,—,—
7005,NP GR 10Y avg,0.0,0.0,0.0,0.0,0.0,0.0,0.0,0.0,0.0,0.0,0.0
7005,EPS GR,-102.20,—,—,—,—,—,—,—,—,—,—
7005,EPS GR 3Y avg,—,—,-2.54,—,—,—,—,—,—,—,—
7005,EPS GR 5Y avg,—,—,-22.44,—,—,—,—,-0.37,—,—,—
7005,EPS GR 10Y avg,—,—,-12.61,—,—,—,—,—,—,—,—
7005,OCF GR,—,-23.77,-22.19,-12.65,-60.45,27.67,-66.35,66.33,50.16,17.27,—
7005,FCF GR,—,-35.65,-10.09,-16.31,-61.57,31.21,-70.64,96.57,116.75,96.05,—
7005,D/E,0.02,0.03,0.03,0.03,0.05,0.08,0.11,0.28,0.50,0.69,0.14
7005,Price,0.4800,0.2700,0.3300,0.3000,0.4400,0.4300,0.4000,0.3400,0.2800,0.2600,0.2500
7007,Year End,TTM,2018-12,2017-12,2016-12,2015-12,2014-12,2013-12,2012-12,2011-12,2010-12,2009-12
7007,Revenue,1,3,8,7,17,7,9,13,4,2,—
7007,NP,-3,-3,—,-2,1,—,—,—,101,—,3
7007,EPS,-0.07,-0.05,—,-0.04,0.02,—,—,—,2.45,0.01,0.08
7007,DPS,—,—,—,—,—,—,—,—,—,—,—
7007,Div Payout,—,—,—,—,—,—,—,—,—,—,—
7007,Shares,49,49,49,47,44,42,41,41,41,41,41
7007,BVPS,0.22,—,—,—,—,—,—,—,—,—,—
7007,OCF,-1,1,-1,1,—,-1,-2,-6,-15,—,—
7007,FCF,-1,1,-1,1,—,-1,-2,-6,-15,—,—
7007,NP Margin,-380.14,-83.72,2.29,-30.63,4.20,-2.63,1.34,0.71,—,13.96,—
7007,ROE,-22.39,-16.58,1.08,-11.48,3.75,-0.92,0.57,0.46,—,—,—
7007,Revenue GR,-59.91,-60.94,21.39,-61.72,136.44,-19.16,-28.66,213.96,149.28,—,—
7007,Revenue GR 3Y avg,—,-43.38,3.19,-9.89,10.89,21.88,77.40,—,8.42,—,—
7007,Revenue GR 5Y avg,—,-19.08,-8.72,10.38,60.56,—,23.34,5.75,-41.71,—,—
7007,Revenue GR 10Y avg,—,-0.10,-1.75,-19.78,—,—,—,—,—,—,—
7007,NP GR,—,—,—,—,100.05,—,-18.68,-69.78,—,—,—
7007,NP GR 3Y avg,—,—,15.19,—,26.26,—,—,-78.34,—,—,—
7007,NP GR 5Y avg,—,—,-50.05,—,—,—,—,—,—,—,—
7007,NP GR 10Y avg,0.0,0.0,0.0,0.0,0.0,0.0,0.0,0.0,0.0,0.0,0.0
7007,EPS GR,-43.90,—,—,—,—,—,36.36,-99.91,—,—,—
7007,EPS GR 3Y avg,—,—,—,—,96.53,—,-18.29,-69.88,—,—,—
7007,EPS GR 5Y avg,—,—,11.55,—,24.87,—,—,-78.39,—,—,—
7007,EPS GR 10Y avg,—,—,-50.90,—,—,—,—,—,—,—,—
7007,OCF GR,—,—,—,—,—,—,—,—,—,—,—
7007,FCF GR,—,—,—,—,—,—,—,—,—,—,—
7007,D/E,—,—,—,—,—,0.07,0.02,0.10,—,—,—
7007,Price,0.4500,0.4500,0.1250,0.3600,0.3650,0.4000,0.2800,0.4000,0.4600,0.2800,0.6000
7010,Year End,TTM,2020-06,2019-06,2018-06,2017-06,2016-06,2015-06,2014-06,2013-06,2012-06,2011-06
7010,Revenue,58,48,63,52,54,64,67,45,36,39,42
7010,NP,-3,-3,-3,-2,—,-1,1,1,-1,—,2
7010,EPS,-0.07,-0.08,-0.07,-0.04,0.01,-0.03,0.03,0.02,-0.02,0.01,0.05
7010,DPS,—,—,—,—,—,—,—,—,—,—,—
7010,Div Payout,—,—,—,—,—,—,—,—,—,—,—
7010,Shares,40,40,40,40,40,40,40,40,40,40,40
7010,BVPS,1.02,1.06,1.13,1.17,1.13,1.18,1.16,1.09,1.06,1.02,—
7010,OCF,-5,-1,-3,-2,1,-1,2,-7,1,6,-3
7010,FCF,-5,-1,-3,-2,1,-1,2,-7,1,-1,-4
7010,NP Margin,-5.09,-6.78,-4.51,-3.43,0.75,-1.81,1.53,1.94,-2.73,0.55,4.68
7010,ROE,-7.08,-7.63,-6.26,-3.78,0.85,-2.39,2.15,1.91,-2.25,0.50,4.94
7010,Revenue GR,32.00,-23.14,20.16,-3.44,-14.98,-5.13,48.63,23.47,-5.37,-8.52,—
7010,Revenue GR 3Y avg,—,-3.75,-0.46,-8.00,6.23,20.30,20.20,2.24,-10.10,-7.51,—
7010,Revenue GR 5Y avg,—,-6.38,6.82,7.40,6.97,8.55,5.92,-1.56,1.36,6.46,—
7010,Revenue GR 10Y avg,—,-0.42,2.54,4.34,6.72,2.67,—,—,—,—,—
7010,NP GR,—,—,—,—,-22.60,—,68.57,-23.77,—,-50.24,—
7010,NP GR 3Y avg,—,—,—,—,13.64,—,-26.08,-12.82,—,—,—
7010,NP GR 5Y avg,—,—,—,—,—,—,—,—,—,—,—
7010,NP GR 10Y avg,0.0,0.0,0.0,0.0,0.0,0.0,0.0,0.0,0.0,0.0,0.0
7010,EPS GR,125.93,—,—,—,—,—,17.43,—,—,-79.71,—
7010,EPS GR 3Y avg,—,—,—,—,-22.62,—,36.80,-23.81,—,-38.68,—
7010,EPS GR 5Y avg,—,—,—,—,0.20,—,-26.07,-12.85,—,-9.67,—
7010,EPS GR 10Y avg,—,—,—,—,-4.86,—,—,—,—,—,—
7010,OCF GR,—,—,—,—,—,—,—,—,-86.82,—,—
7010,FCF GR,—,—,—,—,—,—,—,—,—,—,—
7010,D/E,0.13,0.10,0.08,0.07,0.08,0.09,0.13,0.11,0.10,0.12,—
7010,Price,1.2500,0.5400,0.5800,0.6050,0.4400,0.4400,0.5450,0.5700,0.3300,0.2600,0.3000
7013,Year End,TTM,2020-09,2019-09,2018-09,2017-09,2016-09,2015-09,2014-09,2013-09,2012-09,2011-09
7013,Revenue,133,135,124,102,94,87,104,362,389,499,570
7013,NP,-49,-65,-1,-5,-20,-91,-377,3,-208,2,-72
7013,EPS,-0.01,-0.02,—,—,-0.02,-0.14,-1.81,0.02,-1.02,0.02,-0.61
7013,DPS,—,—,—,—,—,—,—,—,—,—,—
7013,Div Payout,—,—,—,—,—,—,—,—,—,—,—
7013,Shares,"4,161","3,840","3,492","1,414","1,271",632,208,208,204,130,119
7013,BVPS,0.04,0.05,0.05,0.11,0.05,0.18,0.25,2.10,2.17,4.63,4.50
7013,OCF,14,33,19,-9,-16,-56,72,14,51,35,28
7013,FCF,-10,-11,-6,-37,-19,-71,58,-6,22,-45,-97
7013,NP Margin,-37.08,-47.84,-0.52,-4.44,-20.87,-104.84,-362.61,0.90,-53.44,0.48,-12.57
7013,ROE,-29.15,-41.11,-0.40,-4.35,-29.86,-186.42,-157.67,0.75,-42.15,0.46,-13.52
7013,Revenue GR,-2.61,8.67,22.04,8.39,8.31,-16.40,-71.27,-6.94,-22.13,-12.43,-10.17
7013,Revenue GR 3Y avg,—,12.86,12.74,-0.62,-36.16,-39.31,-40.73,-14.07,-15.07,-19.59,-10.71
7013,Revenue GR 5Y avg,—,5.42,-19.21,-23.48,-28.37,-31.36,-30.36,-17.74,-13.46,-2.19,—
7013,Revenue GR 10Y avg,—,-14.32,-18.48,-18.62,-16.30,—,—,—,—,—,—
7013,NP GR,—,—,—,—,—,—,—,—,—,-54.18,—
7013,NP GR 3Y avg,—,—,—,—,—,—,—,-33.34,—,-41.82,—
7013,NP GR 5Y avg,—,—,—,—,—,—,—,—,—,—,—
7013,NP GR 10Y avg,0.0,0.0,0.0,0.0,0.0,0.0,0.0,0.0,0.0,0.0,0.0
7013,EPS GR,-87.50,—,—,—,—,—,—,—,—,—,—
7013,EPS GR 3Y avg,—,—,—,—,—,—,—,—,—,-62.63,—
7013,EPS GR 5Y avg,—,—,—,—,—,—,—,-46.59,—,-48.46,—
7013,EPS GR 10Y avg,—,—,—,—,—,—,—,—,—,—,—
7013,OCF GR,—,71.65,—,—,—,—,424.29,-73.02,47.27,25.32,14.19
7013,FCF GR,—,—,—,—,—,—,—,—,—,—,—
7013,D/E,0.26,0.35,0.17,0.36,0.98,1.51,2.57,0.22,0.33,0.26,0.61
7013,Price,0.0450,0.0450,0.0500,0.0550,0.1150,0.0100,0.0150,0.0450,0.0500,0.0600,0.0900
7014,Year End,TTM,2020-03,2019-03,2018-03,2017-03,2016-03,2015-03,2014-03,2013-03,2012-03,2011-03
7014,Revenue,95,97,113,109,107,128,124,128,101,143,77
7014,NP,-2,-8,-18,-9,5,-2,-1,1,-2,-3,-40
7014,EPS,-0.02,-0.08,-0.18,-0.08,0.05,-0.02,-0.01,0.01,-0.02,-0.03,-0.41
7014,DPS,—,—,—,0.01,—,—,—,—,—,—,0.01
7014,Div Payout,—,—,—,—,—,—,—,—,—,—,—
7014,Shares,103,103,103,103,102,101,99,98,98,98,98
7014,BVPS,1.18,1.20,1.30,1.50,1.54,1.53,1.50,1.55,1.51,1.56,—
7014,OCF,-6,-8,-15,-6,4,—,—,—,—,—,—
7014,FCF,-8,-12,-17,-7,2,-11,6,8,-7,-4,8
7014,NP Margin,-2.51,-8.07,-15.95,-7.96,4.86,-1.58,-0.44,0.74,-2.44,-1.83,-52.56
7014,ROE,-1.95,-6.25,-12.99,-5.66,3.33,-1.32,-0.36,0.63,-1.62,-1.71,-23.00
7014,Revenue GR,20.68,-14.10,3.92,1.96,-16.83,3.05,-2.98,27.60,-29.85,86.87,—
7014,Revenue GR 3Y avg,—,-3.09,-4.13,-4.40,-5.96,8.46,-4.59,18.70,6.62,4.48,—
7014,Revenue GR 5Y avg,—,-4.85,-2.50,1.58,-5.74,10.83,8.46,0.41,0.28,3.00,—
7014,Revenue GR 10Y avg,—,1.59,-1.05,0.93,-1.46,2.51,—,—,—,—,—
7014,NP GR,—,—,—,—,75.70,—,—,—,—,—,—
7014,NP GR 3Y avg,—,—,—,—,—,—,—,-31.24,—,—,—
7014,NP GR 5Y avg,—,—,—,—,-9.48,—,—,—,—,—,—
7014,NP GR 10Y avg,0.0,0.0,0.0,0.0,0.0,0.0,0.0,0.0,0.0,0.0,0.0
7014,EPS GR,-180.33,—,—,—,—,—,—,—,—,—,—
7014,EPS GR 3Y avg,—,—,—,—,73.55,—,—,—,—,—,—
7014,EPS GR 5Y avg,—,—,—,—,—,—,—,-31.24,—,—,—
7014,EPS GR 10Y avg,—,—,—,—,-9.81,—,—,—,—,—,—
7014,OCF GR,—,—,—,—,—,—,-23.65,—,—,—,—
7014,FCF GR,—,—,—,—,—,—,-19.11,—,—,—,—
7014,D/E,—,0.01,0.01,0.01,0.01,0.01,0.02,0.05,—,0.09,0.12
7014,Price,0.3600,0.3600,0.1900,0.2800,0.3000,0.4650,0.6000,0.8100,1.0500,0.3000,0.4300
7016,Year End,TTM,2018-12,2017-12,2016-12,2015-12,2014-12,2013-12,2012-12,2011-12,2010-12,2009-12
7016,Revenue,770,711,688,646,663,709,693,708,643,552,515
7016,NP,7,8,6,10,-2,21,9,12,17,15,14
7016,EPS,0.04,0.05,0.03,0.06,—,0.10,0.05,0.06,0.08,0.09,0.09
7016,DPS,0.01,0.01,0.01,—,0.01,0.01,0.03,0.04,0.04,0.03,0.03
7016,Div Payout,27.9,—,—,—,—,—,—,—,—,—,—
7016,Shares,169,169,169,169,209,209,209,209,209,167,167
7016,BVPS,1.79,—,—,—,—,—,—,—,—,—,—
7016,OCF,-56,3,-27,-7,63,16,9,27,7,1,8
7016,FCF,-59,-13,-40,-12,54,9,-1,24,4,-3,4
7016,NP Margin,0.86,1.11,0.91,1.55,-0.23,3.01,1.36,1.72,2.61,2.65,2.80
7016,ROE,2.32,2.67,2.32,3.85,-0.61,10.40,5.78,7.84,11.56,10.99,11.79
7016,Revenue GR,-22.75,3.30,6.53,-2.58,-6.43,2.24,-2.13,10.20,16.53,—,—
7016,Revenue GR 3Y avg,—,2.34,-0.98,-2.32,-2.17,3.31,7.92,11.24,-2.53,—,—
7016,Revenue GR 5Y avg,—,0.50,-0.57,0.10,3.75,6.61,-0.03,3.34,3.30,—,—
7016,Revenue GR 10Y avg,—,0.24,1.36,1.69,—,—,—,—,—,—,—
7016,NP GR,—,—,-33.62,2.00,—,8.39,-13.67,-5.38,-9.71,—,—
7016,NP GR 3Y avg,—,-3.49,-12.51,-9.86,—,8.23,-16.22,7.75,35.82,—,—
7016,NP GR 5Y avg,—,-10.08,-2.91,10.65,—,—,—,—,—,—,—
7016,NP GR 10Y avg,0.0,0.0,0.0,0.0,0.0,0.0,0.0,0.0,0.0,0.0,0.0
7016,EPS GR,-308.11,26.22,-37.50,—,—,126.83,-22.64,-27.43,-8.16,—,—
7016,EPS GR 3Y avg,—,—,-28.75,9.49,—,8.39,-19.82,-12.18,-16.17,—,—
7016,EPS GR 5Y avg,—,0.70,-8.69,-5.92,—,3.51,-19.85,3.03,29.91,—,—
7016,EPS GR 10Y avg,—,-10.16,-3.01,10.55,—,—,—,—,—,—,—
7016,OCF GR,—,—,—,—,288.70,74.90,-65.82,276.01,—,—,—
7016,FCF GR,—,—,—,—,529.07,—,—,504.00,—,—,—
7016,D/E,0.07,0.06,0.09,0.06,0.08,0.08,0.06,0.02,0.03,0.03,0.03
7016,Price,0.4400,0.2700,0.3800,0.3200,0.4800,0.4800,0.5100,0.5200,0.4450,0.4000,0.4500
7017,Year End,TTM,2020-04,2019-04,2018-04,2017-04,2016-04,2015-04,2014-04,2013-04,2012-04,2011-04
7017,Revenue,36,40,48,57,65,62,139,142,136,123,113
7017,NP,-10,-11,-10,-21,-18,2,-13,-29,-5,—,2
7017,EPS,-0.01,-0.03,-0.03,-0.06,-0.08,—,-0.05,-0.15,-0.02,—,0.01
7017,DPS,—,—,—,—,0.01,—,—,—,—,—,—
7017,Div Payout,—,—,—,—,—,—,—,—,—,—,—
7017,Shares,481,403,386,378,221,390,256,195,223,223,223
7017,BVPS,0.19,0.15,0.19,0.23,0.33,0.38,0.38,0.52,0.54,0.53,—
7017,OCF,-6,-5,-2,-15,-7,15,14,10,6,12,15
7017,FCF,-7,-6,-6,-22,-9,12,8,6,—,7,7
7017,NP Margin,-26.58,-27.07,-20.63,-37.75,-27.68,3.11,-9.17,-20.39,-3.55,0.06,1.87
7017,ROE,-11.80,-19.22,-16.92,-31.94,-19.71,1.74,-12.31,-26.83,-4.08,0.07,1.80
7017,Revenue GR,-0.69,-17.17,-16.17,-12.91,6.19,-55.84,-1.67,4.24,10.29,9.19,—
7017,Revenue GR 3Y avg,—,-15.43,-8.13,-25.81,-22.74,-23.22,4.17,7.87,6.70,1.56,—
7017,Revenue GR 5Y avg,—,-22.28,-19.57,-15.98,-11.92,-11.43,4.48,3.79,3.22,3.16,—
7017,Revenue GR 10Y avg,—,-9.89,-8.63,-6.87,-4.68,-5.03,—,—,—,—,—
7017,NP GR,—,—,—,—,—,—,—,—,—,-38.94,—
7017,NP GR 3Y avg,—,—,—,—,—,-1.99,—,—,—,-44.57,—
7017,NP GR 5Y avg,—,—,—,—,—,11.82,—,—,—,—,—
7017,NP GR 10Y avg,0.0,0.0,0.0,0.0,0.0,0.0,0.0,0.0,0.0,0.0,0.0
7017,EPS GR,-36.78,—,—,—,—,—,—,—,—,-96.23,—
7017,EPS GR 3Y avg,—,—,—,—,—,—,—,—,—,-38.97,—
7017,EPS GR 5Y avg,—,—,—,—,—,-13.55,—,—,—,-44.41,—
7017,EPS GR 10Y avg,—,—,—,—,—,5.22,—,—,—,—,—
7017,OCF GR,—,—,—,—,—,1.06,52.11,61.40,-51.90,-16.78,—
7017,FCF GR,—,—,—,—,—,39.61,35.79,—,—,0.27,—
7017,D/E,0.09,0.20,0.26,0.19,0.09,0.06,0.10,0.15,0.08,0.11,0.17
7017,Price,0.8350,0.2000,0.3300,0.1750,0.3000,0.5450,0.5100,0.6600,0.5700,0.2600,0.2900
7018,Year End,TTM,2020-06,2019-06,2016-12,2015-12,2014-12,2013-12,2012-12,2011-12,2010-12,2009-12
7018,Revenue,6,29,38,25,22,22,30,23,23,24,11
7018,NP,-3,—,-24,-15,-14,3,1,—,—,—,—
7018,EPS,-0.01,—,-0.04,-0.03,-0.03,0.01,—,—,—,—,—
7018,DPS,—,—,—,—,—,—,—,—,—,—,—
7018,Div Payout,—,—,—,—,—,—,—,—,—,—,—
7018,Shares,734,584,584,441,441,441,439,420,417,417,417
7018,BVPS,0.05,0.07,0.11,—,—,—,—,—,—,—,—
7018,OCF,-17,4,6,5,-12,3,—,-2,6,-6,—
7018,FCF,-17,4,6,5,-12,2,—,-3,6,-6,—
7018,NP Margin,-59.96,0.61,-62.54,-59.89,-60.63,13.86,1.97,0.09,1.38,0.31,-0.13
7018,ROE,-7.55,0.48,-45.46,-21.73,-17.77,4.87,1.39,0.05,0.79,0.19,-0.04
7018,Revenue GR,-79.78,-22.84,18.49,11.06,1.39,-26.81,31.35,0.76,-6.03,—,—
7018,Revenue GR 3Y avg,—,6.16,12.81,-6.24,-0.85,-1.06,7.54,28.38,-15.22,—,—
7018,Revenue GR 5Y avg,—,-0.45,8.04,1.75,-1.59,15.26,-4.21,-34.57,17.52,—,—
7018,Revenue GR 10Y avg,—,-2.10,-13.12,9.35,—,—,—,—,—,—,—
7018,NP GR,—,—,—,—,—,113.32,100.11,—,—,—,—
7018,NP GR 3Y avg,—,-16.90,—,—,—,—,—,-72.99,—,—,—
7018,NP GR 5Y avg,—,—,—,—,—,—,—,—,—,—,—
7018,NP GR 10Y avg,0.0,0.0,0.0,0.0,0.0,0.0,0.0,0.0,0.0,0.0,0.0
7018,EPS GR,-167.74,—,—,—,—,412.97,—,-93.59,333.33,—,—
7018,EPS GR 3Y avg,—,—,—,—,—,109.59,98.13,—,—,—,—
7018,EPS GR 5Y avg,—,-32.95,—,—,—,—,—,-72.97,—,—,—
7018,EPS GR 10Y avg,—,—,—,—,—,—,—,—,—,—,—
7018,OCF GR,—,-29.87,8.27,—,—,—,—,—,—,—,—
7018,FCF GR,—,-29.68,10.45,—,—,—,—,—,—,—,—
7018,D/E,0.08,0.03,0.04,0.04,0.03,0.04,0.08,0.03,0.04,0.05,0.06
7018,Price,0.0500,0.0350,0.0350,0.0400,0.0500,0.0550,0.0700,0.0650,0.0600,0.0600,0.0900
7020,Year End,TTM,2020-12,2019-12,2018-12,2017-12,2016-12,2015-12,2014-12,2013-12,2012-12,2011-12
7020,Revenue,196,184,201,221,379,400,492,538,560,462,429
7020,NP,-1,-6,-8,-134,-15,-10,-17,-27,—,-15,-18
7020,EPS,—,-0.01,-0.02,-0.38,-0.04,-0.03,-0.05,-0.07,—,-0.07,-0.07
7020,DPS,—,—,—,—,—,—,—,0.01,—,—,0.01
7020,Div Payout,—,—,—,—,—,—,—,—,—,—,52.1
7020,Shares,438,421,351,350,348,348,348,348,301,217,263
7020,BVPS,0.13,0.12,0.12,0.48,0.52,0.59,0.59,0.52,0.58,0.50,0.68
7020,OCF,-9,-1,-69,15,40,19,54,49,-21,23,53
7020,FCF,-13,-7,-70,9,33,15,48,36,-37,4,8
7020,NP Margin,-0.67,-3.15,-3.76,-60.40,-3.89,-2.49,-3.37,-4.96,0.05,-3.32,-4.19
7020,ROE,-3.50,-17.78,-22.12,-119.70,-7.99,-5.10,-7.93,-12.87,0.15,-10.47,-11.13
7020,Revenue GR,27.14,-8.51,-9.04,-41.60,-5.21,-18.72,-8.57,-4.04,21.35,7.55,-7.95
7020,Revenue GR 3Y avg,—,-21.38,-20.45,-23.37,-11.02,-10.66,2.11,7.79,6.31,10.58,-3.60
7020,Revenue GR 5Y avg,—,-17.84,-17.85,-16.96,-3.88,-1.42,1.06,9.50,3.17,—,—
7020,Revenue GR 10Y avg,—,-8.88,-5.15,-7.44,—,—,—,—,—,—,—
7020,NP GR,—,—,—,—,—,—,—,—,-70.13,—,—
7020,NP GR 3Y avg,—,—,—,—,—,—,—,—,-27.00,—,—
7020,NP GR 5Y avg,—,—,—,—,—,—,—,—,—,—,—
7020,NP GR 10Y avg,0.0,0.0,0.0,0.0,0.0,0.0,0.0,0.0,0.0,0.0,0.0
7020,EPS GR,-134.44,—,—,—,—,—,—,—,—,—,—
7020,EPS GR 3Y avg,—,—,—,—,—,—,—,—,-69.97,—,—
7020,EPS GR 5Y avg,—,—,—,—,—,—,—,—,-28.59,—,—
7020,EPS GR 10Y avg,—,—,—,—,—,—,—,—,—,—,—
7020,OCF GR,—,—,—,-63.77,114.56,-65.50,10.64,—,—,-57.11,229.44
7020,FCF GR,—,—,—,-72.95,125.51,-69.57,32.70,—,—,-49.08,—
7020,D/E,0.47,0.59,0.86,0.33,0.12,0.13,0.21,0.17,0.23,0.46,0.60
7020,Price,0.2000,0.2200,0.1200,0.1050,0.1650,0.2250,0.2150,0.2650,0.3750,0.4600,0.4100
7028,Year End,TTM,2020-06,2019-06,2018-06,2017-06,2016-06,2015-06,2014-06,2011-12,2010-12,2009-12
7028,Revenue,317,519,370,467,246,235,167,209,152,170,143
7028,NP,-13,36,-21,13,14,31,-13,-20,1,2,6
7028,EPS,-0.09,0.25,-0.16,0.10,0.11,0.26,-0.11,-0.17,0.01,0.01,0.05
7028,DPS,—,—,—,—,—,—,—,—,—,—,—
7028,Div Payout,—,—,—,—,—,—,—,—,—,—,—
7028,Shares,—,144,131,128,119,119,119,119,119,119,112
7028,BVPS,1.74,1.83,1.80,1.92,0.83,0.40,0.62,0.85,—,—,—
7028,OCF,-51,-169,-170,-256,-98,155,-66,23,20,17,—
7028,FCF,-51,-169,-170,-257,-99,153,-69,18,19,15,—
7028,NP Margin,-3.99,6.92,-5.66,2.83,5.76,13.34,-7.69,-9.56,0.85,1.01,3.89
7028,ROE,-4.92,15.19,-8.41,6.59,13.16,39.14,-18.12,-21.60,0.89,1.07,3.16
7028,Revenue GR,-54.02,40.17,-20.74,89.83,4.90,40.72,-20.04,13.40,-10.59,—,—
7028,Revenue GR 3Y avg,—,28.24,16.43,40.98,5.68,10.08,-0.47,8.83,-1.03,—,—
7028,Revenue GR 5Y avg,—,25.50,12.17,18.82,5.82,7.97,0.92,16.21,27.48,—,—
7028,Revenue GR 10Y avg,—,10.95,14.43,22.50,—,—,—,—,—,—,—
7028,NP GR,—,36.34,—,—,—,102.97,—,—,8.61,—,—
7028,NP GR 3Y avg,—,—,—,43.00,38.22,30.50,—,—,-33.78,—,—
7028,NP GR 5Y avg,—,36.41,—,2.33,—,—,—,—,—,—,—
7028,NP GR 10Y avg,0.0,0.0,0.0,0.0,0.0,0.0,0.0,0.0,0.0,0.0,0.0
7028,EPS GR,-76.54,—,—,-13.19,-54.74,—,—,—,-24.83,—,—
7028,EPS GR 3Y avg,—,28.13,—,—,—,102.81,—,—,5.91,—,—
7028,EPS GR 5Y avg,—,—,—,41.33,38.23,29.36,—,—,-37.58,—,—
7028,EPS GR 10Y avg,—,33.30,—,-0.93,—,—,—,—,—,—,—
7028,OCF GR,—,—,—,—,—,—,—,5.62,22.45,—,—
7028,FCF GR,—,—,—,—,—,—,—,-1.99,25.49,—,—
7028,D/E,0.02,0.02,0.01,0.01,1.85,1.82,1.57,1.35,0.40,0.49,0.42
7028,Price,0.4950,0.5500,0.2650,0.4250,0.5700,0.6300,0.7650,0.8550,0.5350,0.5000,0.5900
7031,Year End,TTM,2020-11,2019-11,2018-11,2017-11,2016-11,2015-11,2014-11,2013-11,2012-11,2011-11
7031,Revenue,61,56,63,51,33,47,57,32,40,56,61
7031,NP,5,4,5,1,-3,—,1,1,1,4,4
7031,EPS,0.05,0.05,0.06,0.01,-0.04,—,0.01,0.01,0.01,0.06,4.91
7031,DPS,—,—,—,—,—,—,—,0.03,0.03,—,—
7031,Div Payout,—,—,—,—,—,—,—,—,0.6,—,—
7031,Shares,87,83,81,74,74,74,74,74,74,74,74
7031,BVPS,0.65,0.54,0.59,0.50,0.57,0.57,0.58,0.56,0.60,0.61,0.56
7031,OCF,4,4,8,-2,1,-5,-4,-2,6,4,11
7031,FCF,-19,-19,8,-4,—,-6,-5,-5,5,-14,9
7031,NP Margin,7.52,7.25,7.64,2.09,-8.70,0.54,1.44,1.88,2.72,7.42,5.91
7031,ROE,8.01,7.25,10.14,2.45,-6.83,0.58,1.88,1.37,2.46,9.55,9.26
7031,Revenue GR,42.65,-11.29,24.97,51.22,-29.50,-16.31,77.13,-20.92,-27.21,-9.52,3.62
7031,Revenue GR 3Y avg,—,18.80,10.03,-3.73,1.48,5.44,0.65,-19.54,-11.96,0.02,14.09
7031,Revenue GR 5Y avg,—,-0.22,14.58,4.56,-9.66,-5.04,-0.90,-10.44,-0.44,8.68,14.28
7031,Revenue GR 10Y avg,—,-0.56,1.30,2.03,-0.91,4.17,—,—,—,—,—
7031,NP GR,—,—,165.95,8.94,—,-38.47,-41.67,-45.09,-34.08,14.89,—
7031,NP GR 3Y avg,—,37.78,51.68,-0.82,—,-41.14,-26.63,-26.04,—,—,—
7031,NP GR 5Y avg,—,0.54,5.92,—,—,—,—,—,—,—,—
7031,NP GR 10Y avg,0.0,0.0,0.0,0.0,0.0,0.0,0.0,0.0,0.0,0.0,0.0
7031,EPS GR,27.62,-17.85,318.31,—,—,-68.67,36.07,-45.54,-99.73,—,-5.63
7031,EPS GR 3Y avg,—,—,157.81,8.67,—,-38.54,-87.43,-45.09,-34.05,433.36,—
7031,EPS GR 5Y avg,—,34.55,48.83,-1.00,—,-41.16,-26.63,-26.03,—,—,—
7031,EPS GR 10Y avg,—,-0.65,4.92,—,—,—,—,—,—,—,—
7031,OCF GR,—,-48.97,—,—,—,—,—,—,82.29,-66.60,—
7031,FCF GR,—,—,—,—,—,—,—,—,—,—,—
7031,D/E,—,—,—,0.01,0.01,—,0.01,0.01,0.16,0.18,0.01
7031,Price,1.8700,1.6900,0.6150,0.6550,0.6500,0.6100,0.8500,0.8500,0.7000,0.7000,0.8000
7036,Year End,TTM,2020-06,2019-06,2017-01,2016-01,2015-01,2014-01,2013-01,2012-01,2011-01,2010-01
7036,Revenue,52,88,93,161,256,84,42,33,26,21,22
7036,NP,-6,2,-7,46,11,7,3,-8,-5,72,-4
7036,EPS,—,—,—,0.01,0.01,0.01,—,-0.01,-0.01,0.09,-0.01
7036,DPS,—,—,—,—,—,—,—,—,—,—,—
7036,Div Payout,—,—,—,—,—,—,—,—,—,—,—
7036,Shares,"6,308","5,197","5,197","4,252","1,269","1,351","1,062",973,852,842,842
7036,BVPS,0.10,0.13,0.13,—,—,—,—,—,—,—,—
7036,OCF,-21,-27,8,92,-92,2,—,1,1,13,—
7036,FCF,-29,-29,—,-40,-137,-63,-12,-25,-5,12,—
7036,NP Margin,-11.02,1.81,-7.10,28.88,4.47,8.34,7.43,-24.27,-20.51,344.31,-18.80
7036,ROE,-0.82,0.24,-0.97,8.22,2.79,2.91,1.63,-4.73,-3.30,59.33,-4.79
7036,Revenue GR,-31.32,-5.24,-20.26,-37.21,204.01,101.46,25.46,30.67,21.32,—,—
7036,Revenue GR 3Y avg,—,-21.43,2.31,56.68,97.33,48.92,25.76,14.17,9.18,—,—
7036,Revenue GR 5Y avg,—,12.35,17.38,44.52,64.87,30.34,16.36,16.67,21.64,—,—
7036,Revenue GR 10Y avg,—,14.09,17.06,32.59,26.52,—,—,—,—,—,—
7036,NP GR,—,-35.98,—,146.34,—,—,-64.99,—,—,—,—
7036,NP GR 3Y avg,—,-9.85,—,—,-30.84,—,—,—,—,—,—
7036,NP GR 5Y avg,—,—,—,—,—,—,—,—,—,—,—
7036,NP GR 10Y avg,0.0,0.0,0.0,0.0,0.0,0.0,0.0,0.0,0.0,0.0,0.0
7036,EPS GR,500.00,—,—,14.81,73.08,77.27,—,—,—,—,—
7036,EPS GR 3Y avg,—,-53.70,—,52.16,—,—,-67.57,—,—,—,—
7036,EPS GR 5Y avg,—,-29.91,—,—,-36.33,—,—,—,—,—,—
7036,EPS GR 10Y avg,—,—,—,—,—,—,—,—,—,—,—
7036,OCF GR,—,—,-63.06,—,—,221.12,-66.40,106.95,-94.58,—,—
7036,FCF GR,—,—,—,—,—,—,—,—,—,—,—
7036,D/E,0.02,0.02,0.02,—,—,0.06,0.03,0.03,0.04,0.05,0.17
7036,Price,0.0400,0.0300,0.0400,0.0700,0.0850,0.1050,0.1600,0.0000,0.9000,0.6300,0.3900
7043,Year End,TTM,2020-03,2019-03,2018-03,2017-03,2016-03,2015-03,2014-03,2013-03,2012-03,2011-03
7043,Revenue,9,13,16,22,24,30,57,72,44,31,25
7043,NP,-8,-7,-1,-3,1,5,1,8,5,—,1
7043,EPS,-0.07,-0.06,-0.01,-0.02,0.01,0.04,0.01,0.06,0.04,—,0.01
7043,DPS,—,—,—,—,0.03,—,0.03,0.04,—,—,—
7043,Div Payout,—,—,—,—,411.0,164.8,—,50.4,—,—,—
7043,Shares,127,127,127,127,127,127,127,127,127,127,127
7043,BVPS,0.62,0.72,0.76,0.77,0.77,0.79,0.80,0.80,0.75,0.72,—
7043,OCF,3,6,-4,—,6,-10,5,-8,-2,-1,3
7043,FCF,3,6,-4,-1,5,-11,-4,-13,-2,-1,2
7043,NP Margin,-93.64,-55.00,-6.40,-13.45,3.39,16.07,1.54,11.35,12.23,-1.32,3.21
7043,ROE,-9.59,-7.97,-1.06,-3.00,0.82,4.81,0.90,8.39,5.89,-0.45,0.89
7043,Revenue GR,-49.16,-16.81,-27.59,-10.43,-18.62,-48.06,-20.66,61.76,44.63,22.39,—
7043,Revenue GR 3Y avg,—,-18.59,-19.18,-27.66,-30.52,-12.64,22.90,42.00,17.89,-21.68,—
7043,Revenue GR 5Y avg,—,-25.59,-26.29,-13.44,-4.74,3.37,16.03,2.36,-12.10,-10.89,—
7043,Revenue GR 10Y avg,—,-7.08,-13.14,-12.78,-7.86,-6.76,—,—,—,—,—
7043,NP GR,—,—,—,—,-53.56,-4.33,—,116.42,—,—,—
7043,NP GR 3Y avg,—,—,—,—,—,42.67,—,—,20.46,—,—
7043,NP GR 5Y avg,—,—,—,—,-12.03,2.22,—,—,—,—,—
7043,NP GR 10Y avg,0.0,0.0,0.0,0.0,0.0,0.0,0.0,0.0,0.0,0.0,0.0
7043,EPS GR,146.94,—,—,—,-82.89,442.03,-89.24,50.12,—,—,—
7043,EPS GR 3Y avg,—,—,—,—,-53.61,-4.32,—,116.69,—,—,—
7043,EPS GR 5Y avg,—,—,—,—,—,42.79,—,—,20.51,—,—
7043,EPS GR 10Y avg,—,—,—,—,-12.05,2.23,—,—,—,—,—
7043,OCF GR,—,—,—,-92.48,—,—,—,—,—,—,—
7043,FCF GR,—,—,—,—,—,—,—,—,—,—,—
7043,D/E,—,—,—,0.01,0.01,0.02,—,0.01,—,—,—
7043,Price,0.0000,0.0000,0.8000,1.0300,1.0000,0.9400,1.0400,1.0900,0.9900,0.6100,0.4900
7045,Year End,TTM,2020-06,2018-03,2017-03,2016-03,2015-03,2014-03,2011-12,2010-12,2009-12,2008-12
7045,Revenue,205,321,415,664,"1,209","1,560","1,416",391,79,448,467
7045,NP,-220,-188,-219,-126,-3,77,82,-114,-204,-72,65
7045,EPS,-0.47,-0.40,-0.47,-0.27,-0.01,0.14,0.17,-0.25,-1.39,-0.48,0.44
7045,DPS,—,—,—,—,—,—,—,—,—,0.04,0.13
7045,Div Payout,—,—,—,—,—,—,—,—,—,—,—
7045,Shares,469,468,468,468,468,468,468,468,147,147,147
7045,BVPS,0.34,0.77,—,—,—,—,—,—,—,—,—
7045,OCF,38,49,-3,57,131,134,177,165,56,—,—
7045,FCF,24,41,-25,25,93,73,79,138,28,—,—
7045,NP Margin,-107.16,-58.46,-52.82,-19.04,-0.23,4.94,5.78,-29.05,-258.73,-15.99,13.91
7045,ROE,-84.36,-62.24,-35.45,-16.32,-0.34,10.60,13.23,-19.68,-26.95,-7.71,7.02
7045,Revenue GR,-36.81,-10.78,-37.55,-45.07,-22.53,10.19,—,395.59,—,—,—
7045,Revenue GR 3Y avg,—,-26.80,-35.71,-22.31,—,53.12,143.22,-5.77,—,—,—
7045,Revenue GR 5Y avg,—,-21.13,—,10.62,68.16,26.82,23.53,-2.43,—,—,—
7045,Revenue GR 10Y avg,—,-3.21,-1.05,4.05,—,—,—,—,—,—,—
7045,NP GR,—,—,—,—,—,—,—,—,—,—,—
7045,NP GR 3Y avg,—,—,—,—,—,—,4.51,—,—,—,—
7045,NP GR 5Y avg,—,—,—,—,—,—,—,—,—,—,—
7045,NP GR 10Y avg,0.0,0.0,0.0,0.0,0.0,0.0,0.0,0.0,0.0,0.0,0.0
7045,EPS GR,-142.11,—,—,—,—,-5.62,—,—,—,—,—
7045,EPS GR 3Y avg,—,—,—,—,—,—,—,—,—,—,—
7045,EPS GR 5Y avg,—,—,—,—,—,—,-16.23,—,—,—,—
7045,EPS GR 10Y avg,—,—,—,—,—,—,—,—,—,—,—
7045,OCF GR,—,—,—,-56.77,-1.95,-24.46,—,191.88,—,—,—
7045,FCF GR,—,—,—,-73.51,27.87,-7.99,—,394.43,—,—,—
7045,D/E,0.01,0.03,0.15,0.07,0.13,0.22,0.33,0.02,0.03,0.47,—
7045,Price,0.1100,0.1150,0.1000,0.0800,0.1050,0.2200,0.2100,0.5200,1.0100,0.4000,0.3600
7054,Year End,TTM,2020-12,2019-12,2018-12,2017-12,2016-12,2015-12,2014-12,2013-12,2012-12,2011-12
7054,Revenue,17,17,16,26,31,26,25,29,32,37,42
7054,NP,-2,-2,-10,-5,-2,—,-5,-1,2,4,7
7054,EPS,—,—,-0.02,-0.01,—,—,-0.01,—,—,0.01,0.01
7054,DPS,—,—,—,—,—,—,—,—,—,0.01,—
7054,Div Payout,—,—,—,—,—,—,—,53.4,—,101.7,54.8
7054,Shares,660,660,660,660,660,660,660,660,660,660,660
7054,BVPS,0.28,0.27,0.29,0.31,0.31,0.31,0.31,0.24,0.23,0.23,0.18
7054,OCF,-2,3,6,-3,11,3,2,-5,1,10,13
7054,FCF,-6,-1,3,-5,11,—,-6,-8,-5,6,7
7054,NP Margin,-9.59,-9.90,-62.86,-19.86,-5.51,0.02,-22.17,-2.49,7.58,9.60,15.78
7054,ROE,-0.89,-0.93,-5.38,-2.60,-0.85,—,-2.66,-0.40,1.54,2.31,4.89
7054,Revenue GR,-8.87,5.53,-37.92,-16.12,21.99,5.00,-14.78,-8.80,-14.17,-11.52,16.96
7054,Revenue GR 3Y avg,—,-18.10,-14.04,2.42,2.96,-6.55,-12.63,-11.52,-3.87,-6.57,-19.11
7054,Revenue GR 5Y avg,—,-6.78,-10.69,-3.54,-3.10,-9.13,-7.14,-8.58,-16.66,-4.55,3.76
7054,Revenue GR 10Y avg,—,-6.96,-9.64,-10.34,-3.82,-2.90,—,—,—,—,—
7054,NP GR,—,—,—,—,—,-87.35,—,—,-18.20,—,-12.84
7054,NP GR 3Y avg,—,—,—,—,—,-76.36,—,—,-24.74,-20.31,6.95
7054,NP GR 5Y avg,—,—,—,—,—,-49.72,—,—,—,—,—
7054,NP GR 10Y avg,0.0,0.0,0.0,0.0,0.0,0.0,0.0,0.0,0.0,0.0,0.0
7054,EPS GR,-5.26,—,—,—,—,—,—,—,-32.20,-46.17,50.14
7054,EPS GR 3Y avg,—,—,—,—,—,-87.36,—,—,-18.17,—,-12.82
7054,EPS GR 5Y avg,—,—,—,—,—,-76.36,—,—,-24.72,-20.29,6.29
7054,EPS GR 10Y avg,—,—,—,—,—,-49.88,—,—,—,—,—
7054,OCF GR,—,-50.60,—,—,321.78,25.05,—,—,-88.61,-22.47,31.29
7054,FCF GR,—,—,—,—,—,—,—,—,—,-19.73,-25.43
7054,D/E,0.10,0.10,0.10,0.06,0.06,0.07,0.10,0.08,—,—,—
7054,Price,0.1350,0.1350,0.1850,0.1400,0.2000,0.2200,1.1000,1.0500,1.1200,1.2000,1.3200
7055,Year End,TTM,2020-08,2019-08,2018-08,2017-08,2016-08,2015-08,2014-08,2013-08,2012-08,2011-08
7055,Revenue,160,171,243,102,155,181,134,190,228,153,88
7055,NP,-4,-6,8,-2,4,-1,4,13,13,11,7
7055,EPS,-0.04,-0.05,0.07,-0.02,0.04,-0.01,0.04,0.12,0.12,0.11,0.07
7055,DPS,—,—,—,—,0.01,0.04,0.08,0.04,0.02,0.01,0.01
7055,Div Payout,—,—,—,—,29.4,198.4,115.9,37.2,16.1,17.2,27.4
7055,Shares,—,112,112,104,98,103,103,103,103,103,103
7055,BVPS,1.28,1.34,1.35,1.24,1.24,1.22,1.29,1.29,1.21,0.95,0.86
7055,OCF,68,46,-64,19,-1,1,-18,35,1,3,-5
7055,FCF,53,12,-84,-80,-19,-2,-20,33,-6,2,-5
7055,NP Margin,-2.62,-3.59,3.11,-2.08,2.38,-0.30,2.75,6.73,5.51,7.12,8.10
7055,ROE,-2.80,-4.12,5.00,-1.52,2.93,-0.42,2.70,9.62,10.36,10.04,7.12
7055,Revenue GR,-16.73,-29.66,139.13,-34.29,-14.22,35.07,-29.76,-16.51,49.24,73.54,-13.27
7055,Revenue GR 3Y avg,—,3.39,10.46,-8.69,-6.64,-7.47,-4.34,29.31,30.96,11.79,-19.76
7055,Revenue GR 5Y avg,—,5.07,5.04,-14.89,0.28,15.46,5.67,11.72,5.99,-1.11,-7.45
7055,Revenue GR 10Y avg,—,5.37,8.33,-5.02,-0.42,3.37,—,—,—,—,—
7055,NP GR,—,—,—,—,-33.94,—,-30.35,21.58,40.75,—,29.51
7055,NP GR 3Y avg,—,—,-10.01,—,-19.42,—,-3.99,—,30.78,36.56,6.93
7055,NP GR 5Y avg,—,—,—,—,4.90,—,—,—,—,—,—
7055,NP GR 10Y avg,0.0,0.0,0.0,0.0,0.0,0.0,0.0,0.0,0.0,0.0,0.0
7055,EPS GR,-104.55,—,—,—,—,—,-71.33,2.03,15.50,52.51,58.40
7055,EPS GR 3Y avg,—,—,—,—,-33.96,—,-30.35,21.58,40.78,—,33.67
7055,EPS GR 5Y avg,—,—,-11.61,—,-19.44,—,-3.98,—,33.29,39.47,9.20
7055,EPS GR 10Y avg,—,—,—,—,6.00,—,—,—,—,—,—
7055,OCF GR,—,—,—,—,—,—,—,—,-45.63,—,—
7055,FCF GR,—,—,—,—,—,—,—,—,—,—,—
7055,D/E,1.22,1.32,1.37,0.75,0.58,0.53,0.37,0.44,0.45,0.37,0.24
7055,Price,1.1800,1.1400,1.1400,1.6800,2.0400,1.2300,1.3900,1.6000,1.1700,1.0700,0.8650
7066,Year End,TTM,2020-06,2019-06,2018-06,2017-06,2016-06,2015-06,2014-06,2013-06,2012-06,2011-06
7066,Revenue,78,43,100,130,85,30,97,64,67,218,204
7066,NP,-26,-45,-79,16,7,4,8,-7,-8,-9,—
7066,EPS,-0.03,-0.05,-0.16,0.02,0.02,0.02,0.13,-0.15,-0.17,-21.46,-0.01
7066,DPS,—,—,—,—,—,—,—,—,—,—,—
7066,Div Payout,—,—,—,—,—,—,—,—,—,—,—
7066,Shares,"1,057",836,498,702,432,173,58,67,47,47,47
7066,BVPS,0.41,0.46,0.68,0.78,0.71,0.53,0.10,0.45,0.65,0.78,—
7066,OCF,-36,-37,60,-85,-131,-46,23,-1,6,-18,13
7066,FCF,-45,-44,-5,-275,-280,-46,22,-2,5,-20,12
7066,NP Margin,-33.17,-104.67,-79.01,11.92,7.75,12.16,7.97,-11.40,-11.78,-4.26,-0.16
7066,ROE,-5.16,-12.01,-22.48,4.46,3.31,4.26,15.46,-37.55,-29.67,-26.94,-0.85
7066,Revenue GR,358.29,-57.56,-22.83,52.31,183.13,-68.88,51.95,-5.21,-69.19,7.08,—
7066,Revenue GR 3Y avg,—,-20.69,49.30,10.30,10.21,-23.47,-23.73,-32.12,-26.33,13.44,—
7066,Revenue GR 5Y avg,—,-15.16,9.49,14.08,-17.13,-31.77,-10.45,-15.68,-17.82,6.13,—
7066,Revenue GR 10Y avg,—,-12.84,-3.92,-3.17,-6.22,-10.56,—,—,—,—,—
7066,NP GR,—,—,—,26.15,—,—,—,—,—,—,—
7066,NP GR 3Y avg,—,—,—,—,—,—,—,—,—,—,—
7066,NP GR 5Y avg,—,—,—,—,—,—,—,—,—,—,—
7066,NP GR 10Y avg,0.0,0.0,0.0,0.0,0.0,0.0,0.0,0.0,0.0,0.0,0.0
7066,EPS GR,-101.68,—,—,37.50,-27.27,-80.58,—,—,—,—,—
7066,EPS GR 3Y avg,—,—,—,-42.09,—,—,—,—,—,—,—
7066,EPS GR 5Y avg,—,—,—,—,—,—,—,—,—,—,—
7066,EPS GR 10Y avg,—,—,—,—,—,—,—,—,—,—,—
7066,OCF GR,—,—,—,—,—,—,—,—,—,—,—
7066,FCF GR,—,—,—,—,—,—,—,—,—,—,—
7066,D/E,0.27,0.38,0.47,0.50,—,—,0.03,0.51,0.16,0.21,0.02
7066,Price,0.2650,0.0700,0.3300,1.4700,1.3900,0.9800,0.4650,1.1600,0.7300,0.2900,0.3050
7070,Year End,TTM,2019-05,2018-05,2017-05,2016-05,2013-12,2012-12,2011-12,2010-12,2009-12,2008-12
7070,Revenue,405,594,413,49,37,4,11,5,13,28,45
7070,NP,30,64,26,1,—,-26,—,-19,-2,-2,-16
7070,EPS,0.05,0.12,0.05,0.01,—,-0.58,0.01,-1.46,-0.26,-0.27,-1.85
7070,DPS,—,—,—,—,—,—,—,—,—,—,—
7070,Div Payout,—,—,—,—,—,—,—,—,—,—,—
7070,Shares,571,549,393,68,58,66,29,13,9,9,9
7070,BVPS,0.61,—,—,—,—,—,—,—,—,—,—
7070,OCF,-53,-58,-53,—,—,—,—,—,—,—,—
7070,FCF,-47,-62,-58,-25,-7,-15,-5,-6,-6,1,—
7070,NP Margin,7.51,10.72,6.34,1.22,0.31,-613.46,3.46,-344.28,-16.99,-8.37,-36.17
7070,ROE,5.52,13.34,10.31,1.31,0.69,-141.77,2.36,-150.65,-17.79,-16.02,-67.47
7070,Revenue GR,-38.72,43.72,741.45,33.77,—,-61.96,103.12,-59.60,—,—,—
7070,Revenue GR 3Y avg,—,152.91,—,105.80,42.42,-32.17,-27.12,-50.63,—,—,—
7070,Revenue GR 5Y avg,—,149.79,95.43,50.29,20.50,-37.82,-23.66,-36.02,—,—,—
7070,Revenue GR 10Y avg,—,28.13,24.44,-0.24,—,—,—,—,—,—,—
7070,NP GR,—,727.88,—,—,-29.99,—,—,—,—,—,—
7070,NP GR 3Y avg,—,—,118.55,—,—,—,—,—,—,—,—
7070,NP GR 5Y avg,—,—,—,-2.12,—,—,—,—,—,—,—
7070,NP GR 10Y avg,0.0,0.0,0.0,0.0,0.0,0.0,0.0,0.0,0.0,0.0,0.0
7070,EPS GR,-85.84,74.44,—,314.81,—,—,—,—,—,—,—
7070,EPS GR 3Y avg,—,361.36,—,—,-50.23,—,—,—,—,—,—
7070,EPS GR 5Y avg,—,—,35.53,—,—,—,—,—,—,—,—
7070,EPS GR 10Y avg,—,—,—,-23.96,—,—,—,—,—,—,—
7070,OCF GR,—,—,—,—,—,—,—,—,—,—,—
7070,FCF GR,—,—,—,—,—,—,—,—,—,—,—
7070,D/E,0.03,0.06,0.01,—,0.02,0.05,0.05,0.14,0.11,0.30,—
7070,Price,0.2800,0.4250,0.3700,0.8200,0.9650,0.1200,0.1200,0.1250,0.1800,0.1900,0.1900
7071,Year End,TTM,2020-12,2019-12,2017-07,2016-07,2015-07,2014-07,2013-07,2012-07,2011-07,2010-07
7071,Revenue,67,73,82,89,38,37,38,45,42,17,19
7071,NP,—,1,9,4,-4,-8,-6,-4,-2,-2,-2
7071,EPS,—,—,0.02,0.01,-0.02,-0.04,-0.04,-0.02,-0.02,-0.03,-0.02
7071,DPS,—,—,—,—,—,—,—,—,—,—,—
7071,Div Payout,—,—,—,—,—,—,—,—,—,—,—
7071,Shares,459,432,401,338,211,190,158,149,130,66,66
7071,BVPS,0.23,0.27,0.29,—,—,—,—,—,—,—,—
7071,OCF,-3,-6,-14,-35,-13,-13,-4,7,-14,1,—
7071,FCF,-3,-7,-14,-44,-14,-18,-7,2,-15,1,—
7071,NP Margin,-0.48,1.12,10.85,4.34,-10.64,-21.74,-15.83,-8.00,-5.01,-12.84,-8.06
7071,ROE,-0.29,0.71,10.04,6.29,-8.10,-18.24,-14.67,-8.37,-7.72,-18.01,-11.19
7071,Revenue GR,-19.85,-10.84,—,130.87,4.59,-2.13,-16.68,6.21,152.01,-11.56,—
7071,Revenue GR 3Y avg,—,-5.56,24.73,33.20,-5.17,-4.68,30.65,33.27,24.71,-11.77,—
7071,Revenue GR 5Y avg,—,13.48,15.45,15.90,17.95,14.06,11.41,12.95,8.56,-10.55,—
7071,Revenue GR 10Y avg,—,13.75,13.49,12.17,2.71,—,—,—,—,—,—
7071,NP GR,—,-36.48,—,—,—,—,—,—,—,—,—
7071,NP GR 3Y avg,—,—,—,—,—,—,—,—,—,—,—
7071,NP GR 5Y avg,—,—,—,—,—,—,—,—,—,—,—
7071,NP GR 10Y avg,0.0,0.0,0.0,0.0,0.0,0.0,0.0,0.0,0.0,0.0,0.0
7071,EPS GR,-96.55,-91.40,—,—,—,—,—,—,—,—,—
7071,EPS GR 3Y avg,—,-40.76,—,—,—,—,—,—,—,—,—
7071,EPS GR 5Y avg,—,—,—,—,—,—,—,—,—,—,—
7071,EPS GR 10Y avg,—,—,—,—,—,—,—,—,—,—,—
7071,OCF GR,—,—,—,—,—,—,—,—,—,-62.36,—
7071,FCF GR,—,—,—,—,—,—,—,—,—,-64.58,—
7071,D/E,0.37,0.34,0.41,0.15,0.18,0.02,0.03,0.01,0.01,0.01,—
7071,Price,0.2500,0.2650,0.2600,0.2900,0.5550,0.5700,0.4050,0.5600,0.2550,0.2200,0.2000
7073,Year End,TTM,2020-06,2017-12,2016-12,2015-12,2014-12,2013-12,2012-12,2011-12,2010-12,2009-12
7073,Revenue,4,2,40,69,62,78,51,83,96,90,78
7073,NP,18,12,7,6,4,17,6,34,1,4,8
7073,EPS,0.04,0.03,0.03,0.03,0.02,0.09,0.04,0.24,0.01,0.05,0.11
7073,DPS,—,—,—,0.03,0.03,0.03,0.02,0.02,0.02,0.01,0.01
7073,Div Payout,—,—,—,—,—,—,—,—,—,—,—
7073,Shares,482,482,353,235,190,182,143,143,78,78,71
7073,BVPS,1.15,1.12,—,—,—,—,—,—,—,—,—
7073,OCF,11,-1,28,-54,7,-26,-27,-73,14,-4,—
7073,FCF,10,-2,28,-57,6,-32,-32,-85,10,-7,—
7073,NP Margin,418.86,517.43,17.99,8.83,6.80,21.45,11.82,41.05,1.21,3.95,10.48
7073,ROE,3.29,2.14,1.17,1.13,1.17,9.38,3.90,28.66,1.39,4.46,11.35
7073,Revenue GR,36.83,-68.49,-41.43,12.11,-21.34,54.16,-38.40,-14.16,6.32,—,—
7073,Revenue GR 3Y avg,—,-52.03,-19.76,10.78,-9.27,-6.59,-17.47,1.89,1.27,—,—
7073,Revenue GR 5Y avg,—,-38.05,-13.28,-6.39,-7.38,0.09,-11.30,1.05,2.18,—,—
7073,Revenue GR 10Y avg,—,-27.58,-6.39,-2.20,—,—,—,—,—,—,—
7073,NP GR,—,25.58,-24.32,0.50,-50.16,143.24,18.98,60.60,-33.85,—,—
7073,NP GR 3Y avg,—,10.78,-26.47,39.19,3.28,15.49,8.30,—,—,—,—
7073,NP GR 5Y avg,—,9.69,—,—,—,—,—,—,—,—,—
7073,NP GR 10Y avg,0.0,0.0,0.0,0.0,0.0,0.0,0.0,0.0,0.0,0.0,0.0
7073,EPS GR,100.00,—,-2.32,17.19,-76.09,118.55,-82.10,—,-67.27,—,—
7073,EPS GR 3Y avg,—,3.05,-35.08,-15.08,-54.61,83.65,-2.47,27.15,-35.91,—,—
7073,EPS GR 5Y avg,—,-7.60,-36.04,11.65,-13.49,-4.27,-5.69,—,—,—,—
7073,EPS GR 10Y avg,—,-6.77,—,—,—,—,—,—,—,—,—
7073,OCF GR,—,—,—,—,—,—,—,—,—,—,—
7073,FCF GR,—,—,—,—,—,—,—,—,—,—,—
7073,D/E,—,—,0.01,—,—,0.02,0.04,0.06,0.09,0.05,0.04
7073,Price,0.2300,0.2600,0.1950,0.1900,0.8950,0.8350,1.0600,0.8600,0.9600,0.6500,0.6000
7077,Year End,TTM,2020-03,2019-03,2018-03,2017-03,2016-03,2015-03,2014-03,2013-03,2012-03,2011-03
7077,Revenue,291,214,30,37,33,18,19,12,14,27,31
7077,NP,47,21,-2,-3,-2,-1,-1,-2,1,4,2
7077,EPS,0.37,0.16,0.05,-0.01,-0.01,-0.01,-0.02,-0.02,0.01,0.05,0.02
7077,DPS,—,—,—,—,—,—,—,—,—,—,—
7077,Div Payout,—,—,—,—,—,—,—,—,—,—,—
7077,Shares,350,131,546,111,111,99,88,80,80,80,80
7077,BVPS,0.30,0.29,0.47,0.49,0.54,0.57,0.57,0.51,0.53,0.53,—
7077,OCF,46,29,-7,-10,2,-3,-24,-2,-3,-1,10
7077,FCF,77,27,-7,-10,2,-3,-24,-3,-3,-1,10
7077,NP Margin,16.29,9.92,-7.42,-7.13,-5.75,-7.40,-7.25,-15.38,3.85,14.00,5.22
7077,ROE,53.43,11.38,-4.06,-4.76,-3.36,-2.40,-2.80,-4.01,1.33,9.59,4.40
7077,Revenue GR,994.69,617.66,-18.43,9.76,89.63,-7.18,61.28,-18.91,-46.86,-12.78,—
7077,Revenue GR 3Y avg,—,85.91,19.30,24.55,41.59,6.67,-11.43,-27.84,-7.09,-2.48,—
7077,Revenue GR 5Y avg,—,62.44,20.51,20.37,4.11,-10.87,0.96,-16.76,-9.17,-3.42,—
7077,Revenue GR 10Y avg,—,28.06,0.15,4.56,0.28,-5.81,—,—,—,—,—
7077,NP GR,—,—,—,—,—,—,—,—,—,—,—
7077,NP GR 3Y avg,—,—,—,—,—,—,—,—,—,—,—
7077,NP GR 5Y avg,—,—,—,—,—,—,—,—,—,—,—
7077,NP GR 10Y avg,0.0,0.0,0.0,0.0,0.0,0.0,0.0,0.0,0.0,0.0,0.0
7077,EPS GR,—,—,—,—,—,—,—,—,-85.26,133.30,—
7077,EPS GR 3Y avg,—,—,—,—,—,—,—,—,—,—,—
7077,EPS GR 5Y avg,—,—,—,—,—,—,—,—,—,—,—
7077,EPS GR 10Y avg,—,—,—,—,—,—,—,—,—,—,—
7077,OCF GR,—,—,—,—,—,—,—,—,—,—,—
7077,FCF GR,—,—,—,—,—,—,—,—,—,—,—
7077,D/E,0.86,0.36,0.20,0.88,0.40,0.54,0.43,0.11,0.13,0.15,0.14
7077,Price,1.2100,1.2100,0.4450,0.1900,0.0950,0.1000,0.0950,0.1000,0.1100,0.0700,0.1000
7078,Year End,TTM,2018-12,2017-12,2016-12,2015-12,2014-12,2013-12,2012-12,2011-12,2010-12,2009-12
7078,Revenue,"1,024","1,229",961,"1,201",715,662,594,675,535,431,459
7078,NP,8,14,27,27,23,14,6,19,12,-62,21
7078,EPS,0.01,0.02,0.05,0.05,0.04,0.03,0.01,0.05,0.03,-0.16,0.06
7078,DPS,—,0.01,0.01,0.02,0.02,—,0.01,—,0.02,0.03,0.02
7078,Div Payout,—,—,—,—,—,—,—,—,—,—,—
7078,Shares,646,596,631,544,544,460,378,378,378,377,377
7078,BVPS,0.53,—,—,—,—,—,—,—,—,—,—
7078,OCF,-339,-270,-216,-370,-226,-236,-93,2,-23,67,—
7078,FCF,-423,-370,-318,-513,-279,-254,-100,-35,-55,34,-26
7078,NP Margin,0.79,1.16,2.79,2.27,3.20,2.04,0.93,2.77,2.22,-14.31,4.56
7078,ROE,1.72,3.14,6.60,7.73,6.85,4.98,2.62,9.36,6.36,-30.12,9.54
7078,Revenue GR,-16.59,27.90,-20.03,68.02,7.94,11.46,-11.92,26.13,24.18,—,—
7078,Revenue GR 3Y avg,—,19.78,13.19,26.44,1.95,7.39,11.32,13.67,-6.89,—,—
7078,Revenue GR 5Y avg,—,15.64,7.32,17.57,10.67,7.59,-2.16,5.11,3.86,—,—
7078,Revenue GR 10Y avg,—,6.37,6.21,10.50,—,—,—,—,—,—,—
7078,NP GR,—,-14.63,25.60,70.13,6.99,4.43,—,-3.75,-8.98,—,—
7078,NP GR 3Y avg,—,20.83,7.46,18.07,—,-8.40,-18.88,-6.61,-13.26,—,—
7078,NP GR 5Y avg,—,-0.99,0.18,1.20,—,—,—,—,—,—,—
7078,NP GR 10Y avg,0.0,0.0,0.0,0.0,0.0,0.0,0.0,0.0,0.0,0.0,0.0
7078,EPS GR,-978.43,-48.98,-6.23,18.82,42.90,100.60,-70.37,57.70,—,—,—
7078,EPS GR 3Y avg,—,-17.16,16.77,50.46,-5.30,-2.13,—,-3.75,-9.01,—,—
7078,EPS GR 5Y avg,—,10.26,-1.10,9.74,—,-11.93,-18.85,-8.95,-3.12,—,—
7078,EPS GR 10Y avg,—,-5.41,-5.11,3.11,—,—,—,—,—,—,—
7078,OCF GR,—,—,—,—,—,—,—,—,—,—,—
7078,FCF GR,—,—,—,—,—,—,—,—,—,—,—
7078,D/E,8.32,5.00,4.87,5.48,2.04,1.23,1.08,0.70,0.56,0.52,0.46
7078,Price,0.2850,0.2000,0.4200,0.3050,0.9550,0.6350,0.6350,0.6750,0.9150,0.6800,0.6700
7079,Year End,TTM,2018-06,2017-06,2016-06,2015-06,2014-06,2013-06,2011-12,2010-12,2009-12,2008-12
7079,Revenue,16,11,9,16,15,13,35,38,11,11,24
7079,NP,-3,-4,-6,-2,-2,—,2,2,-7,-8,-4
7079,EPS,—,-0.03,—,-0.01,-0.01,—,0.02,0.02,-0.14,-0.56,-0.26
7079,DPS,—,—,—,—,—,—,—,—,—,—,—
7079,Div Payout,—,—,—,—,—,—,—,—,—,—,—
7079,Shares,"1,797",449,"1,400",348,383,151,91,66,52,15,15
7079,BVPS,0.20,0.51,0.57,0.60,0.80,0.85,0.76,—,—,—,—
7079,OCF,-55,-6,-4,-43,-15,-80,-3,-6,-14,-4,1
7079,FCF,-56,-6,-4,-45,-19,-81,-5,-9,-15,-4,1
7079,NP Margin,-19.61,-35.24,-65.16,-12.84,-13.55,1.03,5.83,4.02,-67.86,-75.91,-16.25
7079,ROE,-1.20,-1.69,-2.87,-1.04,-1.19,0.10,2.52,2.75,-22.34,-31.29,-11.74
7079,Revenue GR,213.30,12.94,-40.37,3.71,20.28,-64.17,-5.34,257.93,—,—,—
7079,Revenue GR 3Y avg,—,-11.28,-9.40,-23.54,-23.21,4.88,38.90,16.75,—,—,—
7079,Revenue GR 5Y avg,—,-21.35,-22.53,7.30,5.76,-11.05,-7.97,-9.32,—,—,—
7079,Revenue GR 10Y avg,—,-14.60,-16.50,—,—,—,—,—,—,—,—
7079,NP GR,—,—,—,—,—,—,—,—,—,—,—
7079,NP GR 3Y avg,—,—,—,—,—,—,—,42.23,—,—,—
7079,NP GR 5Y avg,—,—,—,—,—,—,—,—,—,—,—
7079,NP GR 10Y avg,0.0,0.0,0.0,0.0,0.0,0.0,0.0,0.0,0.0,0.0,0.0
7079,EPS GR,—,—,—,—,—,-96.55,-1.87,—,—,—,—
7079,EPS GR 3Y avg,—,—,—,—,—,—,—,—,—,—,—
7079,EPS GR 5Y avg,—,—,—,—,—,—,—,5.62,—,—,—
7079,EPS GR 10Y avg,—,—,—,—,—,—,—,—,—,—,—
7079,OCF GR,—,—,—,—,—,—,—,—,—,—,—
7079,FCF GR,—,—,—,—,—,—,—,—,—,—,—
7079,D/E,—,0.04,0.04,0.03,0.01,0.03,0.02,0.09,—,0.01,0.06
7079,Price,0.1100,0.0550,0.1000,0.0650,0.0500,0.1050,0.1400,0.3100,0.3100,0.1200,0.1400
7080,Year End,TTM,2020-06,2017-12,2016-12,2015-12,2014-12,2013-12,2012-12,2011-12,2010-12,2009-12
7080,Revenue,31,58,70,75,99,140,158,205,190,158,119
7080,NP,-19,-7,-6,-10,-7,-7,-11,-11,-10,-7,-2
7080,EPS,-0.04,-0.04,-0.03,-0.05,-0.04,-0.04,-0.05,-0.06,-0.05,-0.03,-0.01
7080,DPS,—,—,—,—,—,—,—,—,—,—,—
7080,Div Payout,—,—,—,—,—,—,—,—,—,—,—
7080,Shares,583,187,187,187,187,187,187,187,180,192,196
7080,BVPS,0.22,0.61,—,—,—,—,—,—,—,—,—
7080,OCF,-74,4,-2,4,19,-3,-10,-12,8,-8,—
7080,FCF,-78,4,-3,2,15,-12,-16,-12,6,-49,—
7080,NP Margin,-61.56,-11.44,-8.62,-13.72,-6.94,-5.03,-7.00,-5.30,-5.00,-4.24,-1.28
7080,ROE,-11.91,-5.72,-4.65,-8.11,-5.53,-5.37,-7.88,-7.17,-5.88,-3.90,-0.87
7080,Revenue GR,-45.48,-7.36,-6.68,-24.57,-29.41,-11.14,-22.87,7.45,20.89,—,—
7080,Revenue GR 3Y avg,—,-11.35,-20.80,-22.08,-21.50,-9.70,0.06,19.72,6.93,—,—
7080,Revenue GR 5Y avg,—,-14.37,-19.38,-17.08,-8.87,3.30,0.26,-1.76,-10.90,—,—
7080,Revenue GR 10Y avg,—,-8.29,-11.01,-14.04,—,—,—,—,—,—,—
7080,NP GR,—,—,—,—,—,—,—,—,—,—,—
7080,NP GR 3Y avg,—,—,—,—,—,—,—,—,—,—,—
7080,NP GR 5Y avg,—,—,—,—,—,—,—,—,—,—,—
7080,NP GR 10Y avg,0.0,0.0,0.0,0.0,0.0,0.0,0.0,0.0,0.0,0.0,0.0
7080,EPS GR,199.16,—,—,—,—,—,—,—,—,—,—
7080,EPS GR 3Y avg,—,—,—,—,—,—,—,—,—,—,—
7080,EPS GR 5Y avg,—,—,—,—,—,—,—,—,—,—,—
7080,EPS GR 10Y avg,—,—,—,—,—,—,—,—,—,—,—
7080,OCF GR,—,—,—,-79.66,—,—,—,—,—,—,—
7080,FCF GR,—,—,—,-85.55,—,—,—,—,—,—,—
7080,D/E,0.04,0.03,—,0.08,0.10,0.21,0.17,0.09,—,—,—
7080,Price,0.1900,0.2500,0.5500,0.3400,0.2550,0.1400,0.1600,0.2500,0.2950,0.4200,0.3000
7086,Year End,TTM,2020-12,2019-12,2018-12,2017-12,2016-12,2015-12,2014-12,2013-12,2012-12,2011-12
7086,Revenue,4,4,6,4,9,10,28,19,5,6,11
7086,NP,—,-1,-1,-1,—,-1,-1,—,-1,-8,-50
7086,EPS,—,—,—,—,—,—,-0.01,—,—,-0.03,-0.33
7086,DPS,—,—,—,—,—,—,—,—,—,—,—
7086,Div Payout,—,—,—,—,—,—,—,—,—,—,—
7086,Shares,264,264,264,263,263,263,263,263,263,256,155
7086,BVPS,0.16,0.16,0.17,0.17,0.17,0.17,0.18,0.18,0.18,0.19,0.53
7086,OCF,—,—,—,-1,1,3,-1,-8,-4,-7,7
7086,FCF,—,—,—,-1,1,3,-1,-8,-4,-7,6
7086,NP Margin,-8.54,-16.67,-12.37,-24.94,0.03,-8.78,-5.14,1.31,-20.21,-148.39,-465.99
7086,ROE,-0.80,-1.35,-1.53,-2.18,0.01,-1.88,-3.01,0.51,-2.15,-18.22,-79.82
7086,Revenue GR,80.47,-35.38,39.15,-56.34,-8.40,-64.32,47.88,264.70,-9.79,-47.25,-57.66
7086,Revenue GR 3Y avg,—,-26.78,-17.75,-47.74,-21.52,24.39,69.45,20.17,-41.37,-48.80,-47.59
7086,Revenue GR 5Y avg,—,-33.68,-21.73,-5.10,9.72,-1.74,1.68,-15.09,-41.50,-37.79,—
7086,Revenue GR 10Y avg,—,-17.88,-18.48,-25.49,-17.38,—,—,—,—,—,—
7086,NP GR,—,—,—,—,-76.95,—,—,—,—,—,—
7086,NP GR 3Y avg,—,—,—,—,—,—,—,—,—,—,—
7086,NP GR 5Y avg,—,—,—,—,-57.26,—,—,—,—,—,—
7086,NP GR 10Y avg,0.0,0.0,0.0,0.0,0.0,0.0,0.0,0.0,0.0,0.0,0.0
7086,EPS GR,-66.91,—,—,—,—,—,—,—,—,—,—
7086,EPS GR 3Y avg,—,—,—,—,-76.71,—,—,—,—,—,—
7086,EPS GR 5Y avg,—,—,—,—,—,—,—,—,—,—,—
7086,EPS GR 10Y avg,—,—,—,—,-59.48,—,—,—,—,—,—
7086,OCF GR,—,—,—,—,-57.31,—,—,—,—,—,410.65
7086,FCF GR,—,—,—,—,-57.31,—,—,—,—,—,—
7086,D/E,—,0.01,0.01,—,—,—,—,—,—,0.03,0.04
7086,Price,0.1550,0.1200,0.0700,0.0750,0.1300,0.0900,0.1200,0.1200,0.1300,0.1200,0.1500
7094,Year End,TTM,2020-05,2019-05,2018-05,2017-05,2016-05,2015-05,2014-05,2013-05,2012-05,2011-05
7094,Revenue,44,47,48,60,54,53,53,65,61,64,63
7094,NP,—,-2,-4,-1,1,—,-1,6,3,-4,-5
7094,EPS,0.01,-0.06,-0.08,-0.03,0.02,—,-0.02,0.13,0.07,-0.09,-0.11
7094,DPS,—,—,—,—,—,—,—,—,—,—,0.08
7094,Div Payout,—,—,—,—,—,—,—,—,—,—,—
7094,Shares,—,44,44,44,44,44,44,44,44,44,43
7094,BVPS,0.97,0.96,1.01,1.07,1.08,1.08,1.07,1.04,0.92,0.87,—
7094,OCF,4,2,-1,-2,3,-2,-1,10,3,5,-6
7094,FCF,3,2,-2,-2,2,-4,-3,9,1,4,-9
7094,NP Margin,1.04,-5.29,-8.23,-2.30,1.77,0.40,-1.57,8.70,5.32,-5.91,-7.43
7094,ROE,1.05,-5.99,-8.83,-2.91,2.00,0.45,-1.75,12.63,8.00,-9.29,-8.70
7094,Revenue GR,13.47,-2.13,-20.19,11.58,1.05,1.37,-19.15,7.05,-4.78,2.27,—
7094,Revenue GR 3Y avg,—,-4.48,-3.46,4.55,-6.09,-4.27,-6.25,1.40,-0.66,0.61,—
7094,Revenue GR 5Y avg,—,-2.25,-5.91,-0.22,-3.33,-3.10,-3.24,0.75,-3.76,-2.19,—
7094,Revenue GR 10Y avg,—,-2.74,-2.64,-2.01,-2.76,-1.15,—,—,—,—,—
7094,NP GR,—,—,—,—,-44.75,-59.71,—,—,108.04,—,—
7094,NP GR 3Y avg,—,—,—,—,—,—,—,11.00,-12.55,—,—
7094,NP GR 5Y avg,—,—,—,—,-17.78,-28.12,—,—,—,—,—
7094,NP GR 10Y avg,0.0,0.0,0.0,0.0,0.0,0.0,0.0,0.0,0.0,0.0,0.0
7094,EPS GR,-164.37,—,—,—,347.92,—,—,75.17,—,—,—
7094,EPS GR 3Y avg,—,—,—,—,-44.78,-59.62,—,—,101.58,—,—
7094,EPS GR 5Y avg,—,—,—,—,—,—,—,8.79,-14.28,—,—
7094,EPS GR 10Y avg,—,—,—,—,-18.65,-28.81,—,—,—,—,—
7094,OCF GR,—,—,—,—,—,—,—,224.32,-43.00,—,—
7094,FCF GR,—,—,—,—,—,—,—,—,-83.83,—,—
7094,D/E,—,0.01,—,0.01,—,—,—,—,—,—,—
7094,Price,0.6400,0.4750,0.4100,0.7500,0.7200,0.8000,0.8300,0.8000,0.4150,0.4900,0.6300
7096,Year End,TTM,2020-03,2019-03,2018-03,2017-03,2016-03,2015-03,2014-03,2013-03,2012-03,2011-03
7096,Revenue,28,29,43,67,91,138,144,151,165,148,156
7096,NP,-2,-1,-1,-1,8,-24,-6,-8,—,-16,1
7096,EPS,—,—,—,—,0.01,-0.02,-0.01,-0.01,—,-0.02,—
7096,DPS,—,—,—,—,—,—,—,—,—,—,—
7096,Div Payout,—,—,—,—,—,—,—,—,—,110.3,—
7096,Shares,"1,543","1,070","1,070","1,070","1,070","1,070",908,963,908,908,908
7096,BVPS,0.08,0.10,0.10,0.10,0.10,0.08,0.10,0.10,0.11,0.12,—
7096,OCF,—,3,5,19,8,16,—,—,—,—,—
7096,FCF,2,3,5,18,8,14,-6,-11,-9,4,15
7096,NP Margin,-7.53,-3.55,-1.38,-1.90,8.80,-17.61,-4.06,-5.25,-0.05,-10.96,0.91
7096,ROE,-1.70,-0.98,-0.55,-1.18,7.48,-25.36,-6.42,-8.11,-0.08,-14.67,1.19
7096,Revenue GR,-13.99,-31.92,-36.36,-25.55,-34.55,-3.69,-4.82,-8.80,11.64,-4.89,—
7096,Revenue GR 3Y avg,—,-31.42,-32.31,-22.29,-15.66,-5.79,-1.04,-1.06,0.46,-4.36,—
7096,Revenue GR 5Y avg,—,-27.28,-22.24,-16.44,-9.39,-2.35,-2.52,-2.29,3.24,5.71,—
7096,Revenue GR 10Y avg,—,-15.81,-12.83,-7.12,-2.13,3.58,—,—,—,—,—
7096,NP GR,—,—,—,—,—,—,—,—,—,—,—
7096,NP GR 3Y avg,—,—,—,—,—,—,—,—,—,—,—
7096,NP GR 5Y avg,—,—,—,—,11.72,—,—,—,—,—,—
7096,NP GR 10Y avg,0.0,0.0,0.0,0.0,0.0,0.0,0.0,0.0,0.0,0.0,0.0
7096,EPS GR,—,—,—,—,—,—,—,—,—,—,—
7096,EPS GR 3Y avg,—,—,—,—,—,—,—,—,—,—,—
7096,EPS GR 5Y avg,—,—,—,—,—,—,—,—,—,—,—
7096,EPS GR 10Y avg,—,—,—,—,2.71,—,—,—,—,—,—
7096,OCF GR,—,-37.58,-72.74,144.54,-49.89,—,—,—,—,-70.45,—
7096,FCF GR,—,-44.26,-72.46,132.23,-44.63,—,—,—,—,-74.22,—
7096,D/E,—,—,—,—,—,—,0.01,0.02,0.02,0.02,0.02
7096,Price,0.0700,0.0700,0.0750,0.1050,0.0900,0.1150,0.0850,0.1150,0.1100,0.0700,0.0900
7097,Year End,TTM,2020-06,2017-12,2016-12,2015-12,2014-12,2013-12,2012-12,2011-12,2010-12,2009-12
7097,Revenue,371,252,402,340,457,472,535,540,576,514,392
7097,NP,-11,-14,3,2,—,-5,3,-12,—,—,10
7097,EPS,-0.02,-0.02,0.01,0.01,—,-0.01,0.01,-0.03,—,—,0.02
7097,DPS,—,—,—,—,—,—,—,—,—,—,—
7097,Div Payout,—,—,—,—,—,—,—,—,—,—,—
7097,Shares,186,897,410,410,410,410,410,410,410,410,410
7097,BVPS,0.04,0.11,—,—,—,—,—,—,—,—,—
7097,OCF,-11,9,10,—,9,-17,24,-13,16,1,—
7097,FCF,-38,-2,5,-1,9,-18,24,-14,15,-1,—
7097,NP Margin,-2.93,-5.45,0.68,0.62,0.10,-1.03,0.52,-2.16,0.02,-0.09,2.47
7097,ROE,-9.15,-15.03,4.17,3.24,0.72,-7.84,4.48,-19.20,0.18,-0.80,17.17
7097,Revenue GR,101.53,-17.04,18.17,-25.60,-3.19,-11.84,-0.83,-6.28,12.08,—,—
7097,Revenue GR 3Y avg,—,-12.39,-5.23,-14.05,-5.41,-6.43,1.37,11.28,-1.25,—,—
7097,Revenue GR 5Y avg,—,-10.95,-5.74,-10.01,-2.32,3.80,-2.19,-3.44,—,—,—
7097,Revenue GR 10Y avg,—,-7.24,-4.60,-5.14,—,—,—,—,—,—,—
7097,NP GR,—,—,—,-8.72,—,—,—,—,—,—,—
7097,NP GR 3Y avg,—,—,—,80.08,—,—,—,—,-65.32,—,—
7097,NP GR 5Y avg,—,—,—,-20.97,—,—,—,—,—,—,—
7097,NP GR 10Y avg,0.0,0.0,0.0,0.0,0.0,0.0,0.0,0.0,0.0,0.0,0.0
7097,EPS GR,-95.70,—,29.70,364.79,—,—,—,—,—,—,—
7097,EPS GR 3Y avg,—,—,—,-8.45,—,—,—,—,—,—,—
7097,EPS GR 5Y avg,—,—,—,75.18,—,—,—,—,-64.70,—,—
7097,EPS GR 10Y avg,—,—,—,-21.36,—,—,—,—,—,—,—
7097,OCF GR,—,-6.60,—,—,—,—,—,—,—,—,—
7097,FCF GR,—,—,—,—,—,—,—,—,—,—,—
7097,D/E,0.05,0.01,—,—,—,—,—,—,0.04,—,—
7097,Price,0.4200,0.0900,0.5150,0.5050,1.1700,0.3500,0.2600,0.3900,0.3200,0.2600,0.2600
7099,Year End,TTM,2019-03,2018-03,2017-03,2016-03,2015-03,2014-03,2013-03,2012-03,2011-03,2010-03
7099,Revenue,91,153,156,128,122,141,144,137,128,115,109
7099,NP,23,6,28,18,-2,4,3,-4,18,—,—
7099,EPS,0.10,0.03,0.07,0.25,-0.03,0.06,0.06,-0.09,0.28,-0.04,-0.05
7099,DPS,—,0.02,0.06,0.04,—,—,0.03,—,—,—,—
7099,Div Payout,—,—,—,—,—,—,—,—,—,—,—
7099,Shares,213,211,431,71,73,63,52,51,65,8,8
7099,BVPS,1.20,—,—,—,—,—,—,—,—,—,—
7099,OCF,-24,-16,-31,—,8,5,—,-7,3,7,4
7099,FCF,-29,-17,-35,-5,5,2,-3,-12,-1,4,2
7099,NP Margin,25.28,4.20,18.22,14.09,-1.99,2.83,2.04,-3.22,14.02,-0.26,-0.39
7099,ROE,9.12,2.58,15.52,14.89,-2.09,3.66,2.68,-5.59,43.29,-0.90,-1.26
7099,Revenue GR,30.44,-1.94,21.83,4.81,-13.56,-1.67,4.76,7.42,10.62,—,—
7099,Revenue GR 3Y avg,—,7.78,3.34,-3.78,-3.79,3.43,7.57,7.93,-4.14,—,—
7099,Revenue GR 5Y avg,—,1.25,2.60,0.05,1.14,5.31,-0.17,-7.11,—,—,—
7099,Revenue GR 10Y avg,—,0.54,-2.38,—,—,—,—,—,—,—,—
7099,NP GR,—,—,92.20,83.33,—,-39.30,—,—,—,—,—
7099,NP GR 3Y avg,—,17.02,—,0.16,—,—,—,—,—,—,—
7099,NP GR 5Y avg,—,—,—,—,—,—,—,—,—,—,—
7099,NP GR 10Y avg,0.0,0.0,0.0,0.0,0.0,0.0,0.0,0.0,0.0,0.0,0.0
7099,EPS GR,-205.17,-53.80,-73.92,—,—,29.96,—,—,—,—,—
7099,EPS GR 3Y avg,—,—,-1.77,67.77,—,-36.93,—,—,—,—,—
7099,EPS GR 5Y avg,—,-10.66,—,-1.83,—,—,—,—,—,—,—
7099,EPS GR 10Y avg,—,—,—,—,—,—,—,—,—,—,—
7099,OCF GR,—,—,—,-97.32,78.84,—,—,—,-52.52,—,—
7099,FCF GR,—,—,—,—,205.75,—,—,—,—,—,—
7099,D/E,—,0.01,0.02,0.06,0.07,0.10,0.09,0.22,0.25,0.07,0.06
7099,Price,0.5600,0.4450,0.5050,0.6000,0.8650,1.2200,0.5700,0.5850,0.9300,0.6800,1.8500
7105,Year End,TTM,2020-12,2019-12,2018-12,2017-12,2016-12,2015-12,2014-12,2013-12,2012-12,2011-12
7105,Revenue,100,92,90,38,30,21,33,68,55,33,37
7105,NP,4,4,7,7,5,2,12,9,5,-2,2
7105,EPS,0.01,0.01,0.01,0.01,0.01,0.01,0.04,0.04,0.02,-0.01,0.01
7105,DPS,—,—,—,—,—,—,—,—,—,—,—
7105,Div Payout,—,—,—,—,—,—,—,—,—,—,—
7105,Shares,477,474,467,474,477,283,277,234,222,210,210
7105,BVPS,0.48,0.48,0.48,0.46,0.42,0.23,0.35,0.25,0.23,0.24,0.25
7105,OCF,-69,-68,27,19,-29,8,22,-4,10,13,7
7105,FCF,-69,-68,25,19,-44,8,20,-6,9,13,7
7105,NP Margin,4.37,4.44,7.58,18.16,17.08,7.30,34.73,13.59,9.88,-7.58,5.59
7105,ROE,2.06,1.94,3.37,3.53,2.77,1.08,11.96,11.98,9.60,-4.71,3.80
7105,Revenue GR,45.15,1.67,138.47,27.02,44.93,-38.06,-50.88,22.00,68.31,-9.87,26.67
7105,Revenue GR 3Y avg,—,45.49,63.74,4.47,-23.89,-28.13,0.29,22.78,24.33,10.97,2.45
7105,Revenue GR 5Y avg,—,22.55,5.96,-7.33,-1.97,-10.85,2.86,22.92,10.28,7.12,11.83
7105,Revenue GR 10Y avg,—,12.28,14.12,1.09,2.48,-0.15,—,—,—,—,—
7105,NP GR,—,-7.12,65.84,-15.83,-17.86,-35.05,—,65.13,—,—,—
7105,NP GR 3Y avg,—,-18.77,-5.72,4.66,—,-5.96,—,29.71,—,—,—
7105,NP GR 5Y avg,—,—,10.59,—,—,—,—,—,—,—,—
7105,NP GR 10Y avg,0.0,0.0,0.0,0.0,0.0,0.0,0.0,0.0,0.0,0.0,0.0
7105,EPS GR,21.74,-41.50,1.38,35.51,101.89,-87.27,5.85,59.01,—,—,—
7105,EPS GR 3Y avg,—,-7.02,40.50,-29.65,-35.21,-40.16,—,59.36,—,—,—
7105,EPS GR 5Y avg,—,-27.05,-17.87,-10.13,—,-11.42,—,26.97,—,—,—
7105,EPS GR 10Y avg,—,—,2.12,—,—,—,—,—,—,—,—
7105,OCF GR,—,—,42.22,—,—,-62.22,—,—,-27.03,77.22,89.50
7105,FCF GR,—,—,29.29,—,—,-61.35,—,—,-28.14,81.99,136.20
7105,D/E,1.32,1.22,0.96,0.72,0.78,0.64,0.13,0.10,0.02,0.02,0.02
7105,Price,1.3300,1.2600,1.2200,1.2600,1.3000,3.2800,3.0600,2.8000,1.8700,0.9000,0.3500
7108,Year End,TTM,2020-12,2019-12,2018-12,2017-12,2016-12,2015-12,2014-12,2013-12,2012-12,2011-12
7108,Revenue,166,208,240,190,148,192,228,347,275,260,256
7108,NP,-79,-66,-23,-41,-186,-28,-119,88,62,-4,-69
7108,EPS,-0.04,-0.03,-0.03,-0.05,-0.24,-0.03,-0.16,0.12,0.08,-0.01,-0.11
7108,DPS,—,—,—,—,—,—,—,0.02,—,—,—
7108,Div Payout,—,—,—,—,—,—,—,—,—,—,—
7108,Shares,"2,216","2,058",778,778,778,778,754,762,748,703,636
7108,BVPS,0.37,0.39,0.20,0.58,0.72,—,—,0.87,0.74,0.66,0.73
7108,OCF,50,82,54,77,18,182,106,111,95,19,38
7108,FCF,31,65,41,63,16,181,84,-133,-393,-97,-97
7108,NP Margin,-47.99,-31.60,-9.59,-21.57,-125.93,-14.63,-52.11,25.36,22.45,-1.41,-27.03
7108,ROE,-9.06,-7.68,-3.38,-8.57,-30.07,-3.77,-17.00,14.48,12.07,-0.79,-14.14
7108,Revenue GR,-71.78,-13.19,26.55,28.33,-22.91,-15.99,-34.28,26.42,5.82,1.44,0.38
7108,Revenue GR 3Y avg,—,12.13,7.78,-5.98,-24.78,-11.29,-4.20,10.71,2.52,-24.61,-28.30
7108,Revenue GR 5Y avg,—,-1.80,-7.12,-7.14,-10.65,-5.61,-2.19,-10.53,-16.93,-17.16,-13.98
7108,Revenue GR 10Y avg,—,-2.00,-8.84,-12.17,-13.97,-9.89,—,—,—,—,—
7108,NP GR,—,—,—,—,—,—,—,—,—,—,—
7108,NP GR 3Y avg,—,—,—,—,—,—,—,24.60,-6.80,—,—
7108,NP GR 5Y avg,—,—,—,—,—,—,—,—,—,—,—
7108,NP GR 10Y avg,0.0,0.0,0.0,0.0,0.0,0.0,0.0,0.0,0.0,0.0,0.0
7108,EPS GR,42.53,—,—,—,—,—,—,40.29,—,—,—
7108,EPS GR 3Y avg,—,—,—,—,—,—,—,—,—,—,—
7108,EPS GR 5Y avg,—,—,—,—,—,—,—,10.33,-17.12,—,—
7108,EPS GR 10Y avg,—,—,—,—,—,—,—,—,—,—,—
7108,OCF GR,—,49.98,-29.04,337.25,-90.36,70.90,-3.82,17.03,408.37,-50.64,—
7108,FCF GR,—,56.80,-33.90,279.12,-90.91,114.80,—,—,—,—,—
7108,D/E,0.03,0.03,0.11,—,0.23,0.93,0.84,0.83,0.82,0.36,0.37
7108,Price,0.1600,0.1700,0.3950,0.2150,0.3250,1.5400,1.5400,1.1100,1.5900,1.0800,0.7900
7114,Year End,TTM,2017-08,2016-08,2015-08,2014-08,2013-08,2012-08,2011-08,2010-08,2009-08,2008-08
7114,Revenue,197,192,176,224,179,178,168,172,187,169,162
7114,NP,5,2,-11,—,2,-10,3,5,3,-2,-2
7114,EPS,0.03,0.01,-0.07,—,0.01,-0.08,0.02,0.04,0.02,-0.01,-0.01
7114,DPS,—,—,—,—,—,—,—,—,—,—,—
7114,Div Payout,—,—,—,—,—,—,—,—,—,—,—
7114,Shares,217,193,159,90,250,125,125,125,125,125,125
7114,BVPS,0.45,—,—,—,—,—,—,—,—,—,—
7114,OCF,2,-1,-1,8,-35,—,16,6,7,7,2
7114,FCF,-1,-10,-6,—,-39,-3,5,—,—,4,-1
7114,NP Margin,2.58,1.20,-6.03,0.18,1.29,-5.48,1.65,2.73,1.57,-0.91,-1.14
7114,ROE,7.24,3.39,-18.16,0.82,5.13,-20.07,5.38,9.85,6.62,-3.55,-4.12
7114,Revenue GR,7.01,9.22,-21.34,25.18,0.54,5.98,-2.28,-8.00,—,—,—
7114,Revenue GR 3Y avg,—,2.45,-0.34,10.08,1.35,-1.60,-0.19,2.04,—,—,—
7114,Revenue GR 5Y avg,—,2.76,0.50,3.70,1.16,1.93,0.50,0.29,—,—,—
7114,Revenue GR 10Y avg,—,1.62,0.39,—,—,—,—,—,—,—,—
7114,NP GR,—,—,—,-47.66,-21.04,—,—,—,—,—,—
7114,NP GR 3Y avg,—,-3.58,—,-32.93,—,—,—,11.93,—,—,—
7114,NP GR 5Y avg,—,—,—,—,—,—,—,—,—,—,—
7114,NP GR 10Y avg,0.0,0.0,0.0,0.0,0.0,0.0,0.0,0.0,0.0,0.0,0.0
7114,EPS GR,19.05,—,—,-91.39,—,—,-40.95,60.30,—,—,—
7114,EPS GR 3Y avg,—,-13.31,—,-58.44,-21.04,—,—,—,—,—,—
7114,EPS GR 5Y avg,—,-11.49,—,-41.60,—,—,—,11.93,—,—,—
7114,EPS GR 10Y avg,—,—,—,—,—,—,—,—,—,—,—
7114,OCF GR,—,—,—,—,—,-99.85,154.50,-1.84,—,—,—
7114,FCF GR,—,—,—,—,—,—,—,-48.93,—,—,—
7114,D/E,0.09,0.31,0.46,0.74,0.95,0.30,0.24,0.13,0.18,0.21,0.24
7114,Price,0.5100,0.5100,0.2650,0.4450,0.3400,0.3200,0.3650,0.3050,0.2900,0.3950,0.3700
7115,Year End,TTM,2020-06,2019-06,2018-06,2017-06,2016-06,2015-06,2014-06,2013-06,2012-06,2011-06
7115,Revenue,60,67,66,64,69,56,51,55,52,62,52
7115,NP,—,-1,3,2,2,—,-1,—,-2,1,1
7115,EPS,0.01,-0.02,0.08,0.05,0.05,-0.01,-0.01,-0.01,-0.06,0.02,0.03
7115,DPS,—,—,—,—,—,—,—,—,—,—,—
7115,Div Payout,—,—,—,—,—,—,—,—,—,—,—
7115,Shares,40,40,40,40,40,40,40,40,40,40,40
7115,BVPS,1.93,2.12,2.03,2.00,1.95,1.89,1.94,1.91,1.94,1.94,—
7115,OCF,15,6,3,10,11,-7,8,8,6,6,4
7115,FCF,13,5,3,8,-36,-10,6,8,5,6,3
7115,NP Margin,0.60,-1.44,4.85,3.07,3.07,-0.76,-1.01,-0.41,-4.26,2.12,1.95
7115,ROE,0.42,-1.17,3.92,2.51,2.77,-0.56,-0.67,-0.30,-2.90,1.72,1.39
7115,Revenue GR,-19.89,1.52,2.00,-6.98,23.88,9.03,-7.06,5.06,-15.58,19.95,—
7115,Revenue GR 3Y avg,—,-1.24,5.53,7.91,7.88,2.11,-6.24,2.08,2.53,-1.55,—
7115,Revenue GR 5Y avg,—,5.40,3.56,4.17,2.17,1.51,1.03,-3.28,-3.54,4.39,—
7115,Revenue GR 10Y avg,—,3.19,0.08,0.24,3.28,3.20,—,—,—,—,—
7115,NP GR,—,—,—,—,—,—,—,—,—,-19.29,—
7115,NP GR 3Y avg,—,—,—,—,9.96,—,—,—,—,13.88,—
7115,NP GR 5Y avg,—,—,2.39,-3.69,11.91,—,—,—,—,—,—
7115,NP GR 10Y avg,0.0,0.0,0.0,0.0,0.0,0.0,0.0,0.0,0.0,0.0,0.0
7115,EPS GR,804.76,—,60.73,-6.79,—,—,—,—,—,30.63,—
7115,EPS GR 3Y avg,—,—,—,—,—,—,—,—,—,-19.27,—
7115,EPS GR 5Y avg,—,—,—,—,9.94,—,—,—,—,13.91,—
7115,EPS GR 10Y avg,—,—,2.39,-3.69,11.91,—,—,—,—,—,—
7115,OCF GR,—,78.13,-66.83,-12.16,—,—,4.13,39.71,-11.37,77.94,—
7115,FCF GR,—,92.39,-69.07,—,—,—,-24.65,66.95,-19.71,72.04,—
7115,D/E,0.46,0.50,0.50,0.54,0.57,0.02,0.02,0.03,0.03,0.05,0.11
7115,Price,0.7950,0.4200,0.5700,0.5200,0.8550,0.6200,0.6200,0.6000,0.5000,0.5300,0.3700
7117,Year End,TTM,2020-12,2019-12,2018-12,2017-12,2016-12,2015-12,2014-12,2013-12,2012-12,2011-12
7117,Revenue,761,636,492,401,295,300,298,275,256,257,282
7117,NP,2,1,-8,10,15,20,32,33,23,18,30
7117,EPS,0.01,—,-0.02,0.02,0.04,0.05,0.08,0.09,0.07,0.06,0.10
7117,DPS,—,—,—,0.01,0.01,0.04,0.06,0.05,0.04,0.04,0.03
7117,Div Payout,—,—,—,47.3,32.9,97.4,52.3,55.4,69.9,61.1,26.8
7117,Shares,547,498,390,395,399,388,383,365,328,306,300
7117,BVPS,0.70,0.70,0.81,0.83,0.80,0.77,0.77,0.71,0.69,0.77,0.67
7117,OCF,3,5,1,17,13,33,44,33,52,27,28
7117,FCF,-25,-25,-52,-53,3,30,3,24,-3,-19,4
7117,NP Margin,0.29,0.15,-1.53,2.44,5.17,6.72,10.73,12.09,8.82,6.86,10.67
7117,ROE,0.61,0.25,-2.36,3.05,4.90,6.83,11.42,12.73,9.57,8.40,16.02
7117,Revenue GR,114.17,29.21,22.69,36.12,-1.90,0.81,8.23,7.59,-0.40,-8.80,4.07
7117,Revenue GR 3Y avg,—,29.22,17.89,10.42,2.29,5.49,5.06,-0.76,-1.86,6.78,19.78
7117,Revenue GR 5Y avg,—,16.37,12.32,9.41,2.78,1.29,1.94,5.46,9.31,9.52,17.73
7117,Revenue GR 10Y avg,—,8.92,8.84,9.36,6.10,9.20,—,—,—,—,—
7117,NP GR,—,-60.73,—,-32.60,-22.96,-3.65,21.95,3.46,-9.69,-5.60,26.74
7117,NP GR 3Y avg,—,-50.79,—,-15.38,-2.88,-7.67,0.85,9.72,8.84,-3.30,42.42
7117,NP GR 5Y avg,—,-29.55,—,-4.03,-3.09,14.67,—,—,—,—,—
7117,NP GR 10Y avg,0.0,0.0,0.0,0.0,0.0,0.0,0.0,0.0,0.0,0.0,0.0
7117,EPS GR,-58.24,—,—,-35.08,-26.40,-37.77,-8.55,40.89,12.33,-44.06,-4.32
7117,EPS GR 3Y avg,—,-63.22,—,-33.25,-25.18,-7.10,13.11,-3.98,-15.60,-13.20,15.02
7117,EPS GR 5Y avg,—,-53.06,—,-17.46,-7.89,-12.81,-4.98,0.69,-0.89,-11.72,26.30
7117,EPS GR 10Y avg,—,-33.22,—,-9.55,-9.83,4.94,—,—,—,—,—
7117,OCF GR,—,266.19,-91.53,32.44,-60.19,-26.41,34.90,-36.89,94.41,-4.71,-21.19
7117,FCF GR,—,—,—,—,-89.76,—,-89.40,—,—,—,-70.24
7117,D/E,0.38,0.38,0.51,0.34,0.11,0.17,0.24,0.18,0.28,0.25,0.23
7117,Price,0.5000,0.4300,0.3950,0.3900,1.0100,0.8800,0.8350,0.6250,2.0600,1.7400,1.6800
7120,Year End,TTM,2020-12,2019-12,2018-12,2017-12,2016-12,2015-12,2014-12,2013-12,2012-12,2011-12
7120,Revenue,6,5,15,36,5,114,108,152,237,317,291
7120,NP,-29,-28,-2,-8,-14,1,11,-2,1,11,11
7120,EPS,-0.14,-0.14,-0.01,-0.04,-0.08,—,0.07,-0.01,—,0.06,0.07
7120,DPS,—,—,—,—,—,0.03,—,—,0.04,0.05,0.04
7120,Div Payout,—,—,—,—,—,303.8,—,—,645.1,80.4,115.7
7120,Shares,250,201,195,170,167,167,168,169,171,171,171
7120,BVPS,0.29,0.43,0.53,0.51,0.63,0.67,0.69,0.64,0.85,0.89,0.82
7120,OCF,-18,-1,-3,-19,5,-6,-17,8,23,5,15
7120,FCF,-18,-1,-3,-19,5,-7,-17,6,22,3,12
7120,NP Margin,-443.95,-540.58,-10.56,-21.12,-275.02,0.44,10.16,-1.37,0.34,3.37,3.88
7120,ROE,-28.50,-31.16,-1.56,-7.53,-13.01,0.44,9.79,-1.64,0.55,7.07,7.65
7120,Revenue GR,790.80,-65.47,-58.39,614.93,-95.58,5.35,-28.71,-35.82,-25.22,8.76,—
7120,Revenue GR 3Y avg,—,0.90,-49.15,-30.69,-67.86,-21.59,-30.06,-19.48,—,11.91,1.46
7120,Revenue GR 5Y avg,—,-45.56,-37.06,-31.36,-56.30,-17.08,—,-8.53,-3.45,-1.47,-1.60
7120,Revenue GR 10Y avg,—,—,-24.47,-18.93,-35.04,-9.86,-9.96,—,—,—,—
7120,NP GR,—,—,—,—,—,-14.69,1.07,—,—,1.08,10.72
7120,NP GR 3Y avg,—,—,—,—,—,-46.26,—,—,-38.96,-7.08,-8.10
7120,NP GR 5Y avg,—,—,—,—,—,-30.18,-4.13,—,—,—,—
7120,NP GR 10Y avg,0.0,0.0,0.0,0.0,0.0,0.0,0.0,0.0,0.0,0.0,0.0
7120,EPS GR,-3.37,—,—,—,—,-95.41,—,—,-92.28,-5.76,—
7120,EPS GR 3Y avg,—,—,—,—,—,-14.50,1.69,—,—,1.01,11.18
7120,EPS GR 5Y avg,—,—,—,—,—,-46.11,—,—,-38.72,-6.45,-7.90
7120,EPS GR 10Y avg,—,—,—,—,—,-30.00,-4.21,—,—,—,—
7120,OCF GR,—,—,—,—,—,—,—,-66.36,373.96,-67.98,—
7120,FCF GR,—,—,—,—,—,—,—,-72.58,707.40,-76.37,—
7120,D/E,0.15,0.12,0.16,0.06,0.14,0.19,0.22,—,—,—,—
7120,Price,0.2850,0.3100,0.3400,0.4100,0.4750,0.6550,0.6750,0.5800,0.5650,0.6200,0.6000
7121,Year End,TTM,2020-01,2019-01,2018-01,2017-01,2016-01,2015-01,2014-01,2013-01,2012-01,2011-01
7121,Revenue,26,14,13,13,11,13,13,11,13,15,21
7121,NP,—,-1,-1,—,-4,1,1,-2,-12,-56,-1
7121,EPS,—,-0.01,-0.01,—,-0.05,0.01,0.01,-0.02,-0.17,-0.66,-0.01
7121,DPS,—,—,—,—,—,—,—,—,—,—,—
7121,Div Payout,—,—,—,—,—,—,—,—,—,—,—
7121,Shares,80,80,80,80,72,72,72,72,72,72,72
7121,BVPS,0.49,0.59,0.60,0.59,0.60,0.67,0.64,0.65,0.91,0.92,—
7121,OCF,-2,-1,—,1,1,3,4,4,-2,—,4
7121,FCF,-3,-2,—,—,1,3,3,4,-2,—,3
7121,NP Margin,0.01,-5.61,-6.84,0.60,-35.46,5.93,3.96,-17.48,-96.11,-377.45,-3.62
7121,ROE,0.01,-1.67,-1.86,0.17,-8.45,1.61,1.08,-3.99,-21.67,-59.25,-0.61
7121,Revenue GR,148.49,8.53,-1.80,20.77,-15.25,1.52,17.08,-16.47,-12.78,-27.95,—
7121,Revenue GR 3Y avg,—,8.78,0.17,1.29,0.24,-0.24,-5.16,-19.33,-12.74,-8.55,—
7121,Revenue GR 5Y avg,—,2.06,3.62,0.32,-6.00,-9.00,-8.26,-11.04,-16.76,-17.11,—
7121,Revenue GR 10Y avg,—,-3.24,-3.99,-8.62,-11.73,-11.83,—,—,—,—,—
7121,NP GR,—,—,—,-46.06,—,—,—,—,—,—,—
7121,NP GR 3Y avg,—,—,—,—,—,—,—,—,—,—,—
7121,NP GR 5Y avg,—,—,—,-26.57,—,-25.80,—,—,—,—,—
7121,NP GR 10Y avg,0.0,0.0,0.0,0.0,0.0,0.0,0.0,0.0,0.0,0.0,0.0
7121,EPS GR,-152.31,—,—,—,—,57.14,—,—,—,—,—
7121,EPS GR 3Y avg,—,—,—,-47.72,—,—,—,—,—,—,—
7121,EPS GR 5Y avg,—,—,—,—,—,—,—,—,—,—,—
7121,EPS GR 10Y avg,—,—,—,-27.23,—,-25.40,—,—,—,—,—
7121,OCF GR,—,—,—,-40.83,-53.62,-21.01,-0.36,—,—,-88.04,—
7121,FCF GR,—,—,—,-73.19,-68.53,-14.65,-7.15,—,—,-93.51,—
7121,D/E,0.01,0.01,—,—,—,—,—,—,0.03,0.05,0.04
7121,Price,1.5800,0.7950,0.6300,0.4500,0.6000,0.4000,0.4450,0.3550,0.2300,0.3150,0.4700
7123,Year End,TTM,2020-06,2019-06,2018-06,2017-06,2016-06,2015-06,2014-06,2013-06,2012-06,2011-06
7123,Revenue,18,26,31,170,168,167,204,162,188,276,401
7123,NP,-40,-67,-157,13,4,1,2,-13,-57,2,4
7123,EPS,-0.01,-0.02,-0.04,0.01,—,—,—,-0.03,-0.16,—,0.01
7123,DPS,—,—,—,—,—,—,—,—,—,—,—
7123,Div Payout,—,—,—,—,—,—,—,—,—,—,—
7123,Shares,"4,504","4,095","3,935","2,001","1,439","1,312","1,040",480,356,356,356
7123,BVPS,0.04,0.06,0.10,0.16,0.15,0.21,0.27,0.36,0.66,0.72,—
7123,OCF,-10,-3,-21,32,14,6,18,35,17,58,38
7123,FCF,-11,-4,-22,-17,-20,-25,-18,6,-12,11,25
7123,NP Margin,-220.27,-260.00,-505.51,7.54,2.54,0.70,1.17,-8.18,-30.22,0.56,1.03
7123,ROE,-18.19,-27.11,-50.01,3.92,1.47,0.44,0.98,-5.84,-22.80,0.56,1.51
7123,Revenue GR,-24.75,-17.06,-81.65,0.75,0.93,-18.08,25.68,-13.95,-31.67,-31.18,—
7123,Revenue GR 3Y avg,—,-46.48,-42.86,-5.91,1.29,-3.95,-9.59,-26.04,-24.97,-15.52,—
7123,Revenue GR 5Y avg,—,-33.84,-28.11,-2.06,-9.38,-16.06,-14.50,-18.73,-19.72,-12.87,—
7123,Revenue GR 10Y avg,—,-24.79,-23.56,-11.33,-11.14,-10.30,—,—,—,—,—
7123,NP GR,—,—,—,74.95,—,—,15.66,—,—,-38.42,—
7123,NP GR 3Y avg,—,—,—,—,22.59,-22.30,-0.47,—,—,-43.28,—
7123,NP GR 5Y avg,—,—,—,-7.88,-16.61,-25.24,—,—,—,—,—
7123,NP GR 10Y avg,0.0,0.0,0.0,0.0,0.0,0.0,0.0,0.0,0.0,0.0,0.0
7123,EPS GR,-87.14,—,—,116.67,200.00,-50.00,—,—,—,-62.61,—
7123,EPS GR 3Y avg,—,—,—,48.12,—,—,-23.40,—,—,-42.94,—
7123,EPS GR 5Y avg,—,—,—,—,-7.58,-39.06,-25.04,—,—,-45.38,—
7123,EPS GR 10Y avg,—,—,—,-24.29,-28.95,-35.23,—,—,—,—,—
7123,OCF GR,—,—,—,129.63,153.34,-69.58,-46.92,104.68,-70.69,50.03,—
7123,FCF GR,—,—,—,—,—,—,—,—,—,-57.11,—
7123,D/E,0.06,0.05,0.04,0.14,0.28,0.08,0.58,0.70,0.76,0.51,0.61
7123,Price,0.0250,0.0150,0.0600,0.2400,0.2450,0.1000,0.1600,0.2200,0.2150,0.3500,0.5000
7128,Year End,TTM,2020-12,2019-12,2018-12,2017-12,2016-12,2015-12,2014-12,2013-12,2012-12,2011-12
7128,Revenue,271,252,197,211,259,203,212,214,160,124,71
7128,NP,6,6,—,2,6,2,7,7,2,2,4
7128,EPS,0.03,0.03,—,0.01,0.03,0.01,0.03,0.03,0.01,0.01,0.02
7128,DPS,—,—,—,—,—,0.01,—,—,—,—,0.01
7128,Div Payout,—,—,—,—,48.0,—,—,—,—,—,—
7128,Shares,191,191,192,192,192,193,195,195,195,195,195
7128,BVPS,0.61,0.60,0.58,0.57,0.55,0.54,0.51,0.50,0.47,0.47,0.41
7128,OCF,28,23,14,9,16,16,24,6,-3,16,3
7128,FCF,20,14,2,-12,9,9,13,-8,-9,5,2
7128,NP Margin,2.11,2.20,0.05,1.18,2.34,1.08,3.39,3.11,1.17,1.24,5.67
7128,ROE,5.00,4.90,0.09,2.28,5.79,2.15,7.11,6.89,2.02,1.69,4.48
7128,Revenue GR,28.60,27.81,-6.68,-18.56,28.07,-4.56,-0.96,34.30,28.71,75.84,0.93
7128,Revenue GR 3Y avg,—,-0.96,-0.90,-0.15,6.58,8.28,19.63,44.86,31.70,25.47,-1.50
7128,Revenue GR 5Y avg,—,3.50,-1.65,5.78,15.92,23.50,24.89,27.84,16.68,11.54,1.75
7128,Revenue GR 10Y avg,—,13.69,12.13,11.10,13.71,12.10,—,—,—,—,—
7128,NP GR,—,-2.95,-63.79,-29.74,-3.10,5.56,67.29,18.64,-22.97,-28.38,-1.12
7128,NP GR 3Y avg,—,-5.04,-56.49,5.99,31.65,-11.31,12.01,9.81,-14.72,-15.41,6.00
7128,NP GR 5Y avg,—,3.13,-30.87,-4.93,5.53,-3.04,—,—,—,—,—
7128,NP GR 10Y avg,0.0,0.0,0.0,0.0,0.0,0.0,0.0,0.0,0.0,0.0,0.0
7128,EPS GR,21.62,—,-96.15,-58.86,177.19,-69.19,7.96,259.05,20.69,-61.33,-0.44
7128,EPS GR 3Y avg,—,-2.82,-64.73,-29.44,-2.67,6.10,67.25,18.77,-22.55,-27.78,0.45
7128,EPS GR 5Y avg,—,-4.76,-57.07,6.37,31.92,-11.03,12.49,10.29,-13.91,-13.53,8.16
7128,EPS GR 10Y avg,—,3.51,-31.19,-4.30,6.80,-1.91,—,—,—,—,—
7128,OCF GR,—,63.35,51.02,-42.64,-1.51,-30.76,269.82,—,—,539.65,-66.14
7128,FCF GR,—,561.68,—,—,-3.78,-29.82,—,—,—,198.03,—
7128,D/E,0.13,0.13,0.17,0.20,0.23,0.22,0.25,0.28,0.26,0.24,0.09
7128,Price,0.3050,0.3750,0.2400,0.2600,0.3900,0.2850,0.3000,0.2800,0.2400,0.2200,0.2200
7129,Year End,TTM,2020-03,2019-03,2018-03,2017-03,2016-03,2015-03,2014-03,2013-03,2012-03,2011-03
7129,Revenue,252,293,328,352,350,390,387,366,323,276,247
7129,NP,39,37,48,59,56,77,50,61,43,49,50
7129,EPS,0.20,0.19,0.25,0.30,0.29,0.40,0.26,0.32,0.23,0.26,0.27
7129,DPS,—,0.11,0.15,0.16,0.12,0.22,0.14,0.13,0.13,0.14,0.17
7129,Div Payout,—,65.5,64.1,39.4,64.8,39.6,52.1,44.1,54.7,64.3,—
7129,Shares,195,195,195,195,193,193,192,187,186,186,185
7129,BVPS,3.40,3.15,3.07,3.00,2.82,2.69,2.36,2.26,2.04,1.94,—
7129,OCF,39,58,32,35,65,73,54,65,39,17,51
7129,FCF,32,51,25,23,55,70,46,46,14,8,45
7129,NP Margin,15.65,12.56,14.57,16.81,15.96,19.62,12.95,16.54,13.26,17.60,20.39
7129,ROE,6.17,6.02,8.07,10.35,10.36,15.55,11.17,14.75,11.35,13.57,15.17
7129,Revenue GR,-2.85,-10.50,-6.83,0.43,-10.14,0.63,5.89,13.14,17.03,11.82,—
7129,Revenue GR 3Y avg,—,-5.74,-5.62,-3.16,-1.44,6.43,11.92,13.98,6.54,-2.63,—
7129,Revenue GR 5Y avg,—,-5.41,-2.17,1.70,4.86,9.55,7.69,4.10,9.18,15.85,—
7129,Revenue GR 10Y avg,—,0.93,0.91,5.38,10.22,12.39,—,—,—,—,—
7129,NP GR,—,-12.97,-14.53,5.64,-2.60,21.27,1.04,6.30,-9.41,-13.95,—
7129,NP GR 3Y avg,—,-5.98,-4.63,6.64,2.83,8.71,-2.75,-4.53,1.05,8.46,—
7129,NP GR 5Y avg,—,-4.38,-4.58,3.80,5.61,9.58,—,—,—,—,—
7129,NP GR 10Y avg,0.0,0.0,0.0,0.0,0.0,0.0,0.0,0.0,0.0,0.0,0.0
7129,EPS GR,52.65,-22.83,-19.23,4.80,-26.95,49.70,-17.88,40.07,-11.75,-4.07,—
7129,EPS GR 3Y avg,—,-13.23,-14.81,4.65,-3.52,19.86,0.50,5.85,-9.59,-14.30,—
7129,EPS GR 5Y avg,—,-6.51,-5.34,5.68,2.11,7.83,-3.20,-4.90,0.51,-2.14,—
7129,EPS GR 10Y avg,—,-4.87,-5.12,3.06,-0.03,3.77,—,—,—,—,—
7129,OCF GR,—,84.32,-9.68,-46.21,-10.33,34.92,-16.54,66.23,123.97,-65.91,—
7129,FCF GR,—,105.78,7.13,-57.86,-20.86,52.21,-1.10,225.71,83.58,-82.61,—
7129,D/E,0.01,0.01,—,—,—,—,0.01,0.01,—,0.01,0.02
7129,Price,2.3200,2.3200,1.5400,2.5500,2.6700,3.4500,4.5500,3.9900,7.1800,3.4400,3.9500
7131,Year End,TTM,2020-03,2019-03,2018-03,2017-03,2016-03,2015-03,2013-01,2012-01,2011-01,2010-01
7131,Revenue,24,25,27,28,45,78,64,31,46,55,64
7131,NP,—,-1,10,3,-1,3,8,1,-6,—,4
7131,EPS,—,—,0.04,0.02,-0.01,0.01,0.04,—,-0.03,—,0.02
7131,DPS,—,—,—,—,—,—,—,—,—,—,—
7131,Div Payout,—,—,—,—,—,—,—,—,—,—,—
7131,Shares,262,237,230,210,210,210,210,210,210,214,218
7131,BVPS,0.32,0.34,—,0.28,0.27,0.29,0.26,—,—,—,—
7131,OCF,28,1,10,-1,2,-1,7,5,18,2,—
7131,FCF,29,—,1,-2,-2,-2,6,5,17,—,—
7131,NP Margin,-2.07,-2.31,36.05,12.15,-2.36,3.99,11.93,2.62,-13.47,0.06,6.62
7131,ROE,-0.56,-0.71,12.88,5.16,-1.72,5.21,13.88,1.61,-11.53,0.05,6.20
7131,Revenue GR,-4.63,-6.89,-3.81,-37.81,-43.14,23.28,38.69,-31.74,-16.56,—,—
7131,Revenue GR 3Y avg,—,-17.72,-30.20,-24.18,8.81,13.68,3.52,-21.22,-22.89,—,—
7131,Revenue GR 5Y avg,—,-17.15,-2.60,-7.87,-3.37,3.31,-7.11,-9.64,-5.51,—,—
7131,Revenue GR 10Y avg,—,-11.74,-5.93,-6.78,—,—,—,—,—,—,—
7131,NP GR,—,—,45.37,-23.72,—,—,264.39,-42.19,—,—,—
7131,NP GR 3Y avg,—,—,49.07,—,—,-4.83,-8.25,15.43,—,—,—
7131,NP GR 5Y avg,—,—,32.38,—,—,—,—,—,—,—,—
7131,NP GR 10Y avg,0.0,0.0,0.0,0.0,0.0,0.0,0.0,0.0,0.0,0.0,0.0
7131,EPS GR,-171.43,—,159.63,—,—,-58.84,180.31,—,—,—,—
7131,EPS GR 3Y avg,—,—,41.04,-23.67,—,—,248.45,-41.42,—,—,—
7131,EPS GR 5Y avg,—,—,46.93,—,—,-4.19,-8.19,-15.35,—,—,—
7131,EPS GR 10Y avg,—,—,13.74,—,—,—,—,—,—,—,—
7131,OCF GR,—,-88.77,—,—,—,—,11.21,-69.82,699.93,—,—
7131,FCF GR,—,-64.41,—,—,—,—,7.83,-72.05,—,—,—
7131,D/E,0.02,0.01,—,0.01,—,—,—,—,—,0.13,0.20
7131,Price,0.2350,0.2350,0.1800,0.2500,0.3250,0.2500,0.3000,0.2500,0.7850,0.2400,0.3000
7132,Year End,TTM,2020-12,2019-12,2018-12,2017-12,2016-12,2015-12,2014-12,2013-12,2012-12,2011-12
7132,Revenue,114,101,126,128,125,140,143,147,133,116,110
7132,NP,—,-4,1,-5,-5,-3,—,3,4,1,—
7132,EPS,-0.01,-0.10,0.02,-0.12,-0.11,-0.07,0.01,0.06,0.10,0.02,-0.01
7132,DPS,—,—,—,—,—,0.03,0.03,0.03,0.03,—,—
7132,Div Payout,—,—,—,—,—,—,81.2,—,45.0,—,—
7132,Shares,42,42,42,42,42,42,42,42,42,42,42
7132,BVPS,1.35,1.30,1.47,1.48,1.67,1.79,1.85,1.83,1.80,1.72,1.65
7132,OCF,5,11,4,10,3,4,13,4,5,5,-5
7132,FCF,-2,5,-2,6,-15,-21,7,-3,-2,-2,-10
7132,NP Margin,-0.34,-4.34,0.65,-3.93,-3.74,-2.26,0.34,1.72,3.17,0.74,-0.45
7132,ROE,-0.68,-7.45,1.35,-7.98,-6.73,-4.19,0.63,3.27,5.65,1.18,-0.67
7132,Revenue GR,60.56,-19.40,-1.71,2.37,-10.60,-2.44,-2.37,10.37,14.98,5.12,12.84
7132,Revenue GR 3Y avg,—,-6.75,-3.47,-3.70,-5.21,1.68,7.40,10.08,10.90,19.48,10.63
7132,Revenue GR 5Y avg,—,-6.69,-3.04,-0.77,1.56,4.91,8.00,16.70,10.35,10.18,7.36
7132,Revenue GR 10Y avg,—,0.39,6.37,4.64,5.78,6.12,—,—,—,—,—
7132,NP GR,—,—,—,—,—,—,-16.79,—,-11.64,-42.97,—
7132,NP GR 3Y avg,—,—,-20.13,—,—,—,-39.59,-11.32,39.97,—,—
7132,NP GR 5Y avg,—,—,-15.84,—,—,—,—,—,—,—,—
7132,NP GR 10Y avg,0.0,0.0,0.0,0.0,0.0,0.0,0.0,0.0,0.0,0.0,0.0
7132,EPS GR,-107.34,—,—,—,—,—,-80.47,196.53,—,—,—
7132,EPS GR 3Y avg,—,—,—,—,—,—,-16.64,—,-48.09,-42.83,—
7132,EPS GR 5Y avg,—,—,-20.10,—,—,—,-39.50,-11.14,2.11,—,—
7132,EPS GR 10Y avg,—,—,-15.74,—,—,—,—,—,—,—,—
7132,OCF GR,—,197.58,-59.58,239.59,-22.52,-72.91,237.87,-19.70,-7.21,—,—
7132,FCF GR,—,—,—,—,—,—,—,—,—,—,—
7132,D/E,0.08,0.08,0.09,0.11,0.16,0.17,0.03,0.03,0.03,0.03,—
7132,Price,0.5700,0.4900,0.3600,0.5200,0.5100,0.6300,0.7400,0.6800,0.7000,0.4300,0.5000
7134,Year End,TTM,2020-12,2019-12,2018-12,2017-12,2016-12,2015-12,2014-12,2013-12,2012-12,2011-12
7134,Revenue,316,314,365,352,347,326,291,280,259,214,264
7134,NP,9,1,6,15,18,13,6,12,5,—,5
7134,EPS,0.05,0.01,0.03,0.08,0.11,0.08,0.04,0.08,0.03,—,0.03
7134,DPS,—,—,0.04,0.03,0.02,0.05,0.04,—,0.02,—,0.02
7134,Div Payout,—,—,31.0,51.8,39.1,63.0,62.9,26.6,—,—,—
7134,Shares,175,175,181,185,183,164,148,152,154,154,154
7134,BVPS,1.75,1.76,1.83,1.78,1.49,1.44,1.39,1.46,1.37,1.33,0.81
7134,OCF,27,17,34,24,32,13,27,21,25,12,31
7134,FCF,14,4,-3,-5,10,4,1,3,9,-2,21
7134,NP Margin,2.77,0.45,1.72,4.26,5.13,3.96,2.06,4.17,2.06,0.09,1.77
7134,ROE,2.82,0.46,2.04,4.93,6.63,5.63,2.73,5.50,2.57,0.12,3.62
7134,Revenue GR,2.32,-13.85,3.78,1.48,6.16,12.20,4.00,7.95,20.86,-18.90,0.71
7134,Revenue GR 3Y avg,—,-3.19,3.79,6.52,7.40,8.00,10.71,1.90,-0.43,-7.68,-8.44
7134,Revenue GR 5Y avg,—,1.57,5.46,6.30,10.08,4.31,2.08,0.53,-5.53,-7.87,-1.11
7134,Revenue GR 10Y avg,—,1.82,2.97,0.21,0.70,1.56,—,—,—,—,—
7134,NP GR,—,-56.97,-21.37,35.59,15.13,34.32,213.48,35.68,220.14,20.55,66.14
7134,NP GR 3Y avg,—,-25.08,-11.65,22.95,146.63,22.56,105.88,153.54,39.24,-48.22,2.19
7134,NP GR 5Y avg,—,24.19,49.67,30.84,13.01,11.92,—,—,—,—,—
7134,NP GR 10Y avg,0.0,0.0,0.0,0.0,0.0,0.0,0.0,0.0,0.0,0.0,0.0
7134,EPS GR,-185.53,-76.45,-57.48,-16.68,27.79,95.34,-49.06,121.05,—,-95.78,—
7134,EPS GR 3Y avg,—,-56.31,-23.22,27.64,8.34,30.05,212.35,36.20,220.32,21.02,66.16
7134,EPS GR 5Y avg,—,-26.94,-14.74,18.55,137.81,20.25,105.91,154.14,39.29,-48.10,2.20
7134,EPS GR 10Y avg,—,22.66,47.20,28.50,11.10,10.86,—,—,—,—,—
7134,OCF GR,—,-49.17,44.09,-25.14,137.93,-50.16,27.34,-14.61,102.80,-60.94,710.84
7134,FCF GR,—,—,—,—,150.87,257.07,-60.12,-71.00,—,—,—
7134,D/E,0.11,0.14,0.16,0.05,0.07,0.10,0.13,0.13,0.11,0.04,0.08
7134,Price,0.6300,0.5700,0.7050,0.7450,1.0100,0.7250,1.2500,1.4800,0.8400,0.4200,0.4900
