code,detail,TTM,Y1,Y2,Y3,Y4,Y5,Y6,Y7,Y8,Y9,Y10
7139,Year End,TTM,2020-06,2019-06,2018-06,2017-06,2016-06,2015-06,2013-12,2009-12,2007-10,2006-10
7139,Revenue,20,10,9,13,15,14,34,36,15,192,229
7139,NP,-2,-3,-1,1,-3,1,-2,-10,-7,-18,—
7139,EPS,—,—,—,—,-0.01,—,-0.01,-0.04,-0.10,-0.25,—
7139,DPS,—,—,—,—,—,—,—,—,—,—,—
7139,Div Payout,—,—,—,—,—,—,—,—,—,—,—
7139,Shares,843,702,494,333,312,290,163,118,72,71,71
7139,BVPS,0.05,0.04,0.05,0.04,0.08,0.07,0.08,—,—,—,—
7139,OCF,-5,-5,-10,1,-1,-6,-3,-4,—,—,—
7139,FCF,-5,-5,-11,—,-1,-6,-4,-4,—,—,—
7139,NP Margin,-9.94,-28.92,-13.47,7.19,-17.83,6.58,-5.38,-28.15,-49.70,-9.36,0.09
7139,ROE,-5.58,-9.03,-4.45,4.84,-13.34,5.26,-13.29,-83.45,-38.06,-42.25,0.40
7139,Revenue GR,-5.17,15.12,-32.36,-11.03,6.90,-59.05,-4.16,—,—,—,—
7139,Revenue GR 3Y avg,—,-11.52,-13.68,-26.97,-22.45,-0.76,-20.25,-22.75,—,—,—
7139,Revenue GR 5Y avg,—,-21.23,-22.44,-1.17,-23.27,—,—,—,—,—,—
7139,Revenue GR 10Y avg,—,—,—,—,—,—,—,—,—,—,—
7139,NP GR,—,—,—,—,—,—,—,—,—,—,—
7139,NP GR 3Y avg,—,—,—,—,—,—,—,—,—,—,—
7139,NP GR 5Y avg,—,—,—,—,—,—,—,—,—,—,—
7139,NP GR 10Y avg,0.0,0.0,0.0,0.0,0.0,0.0,0.0,0.0,0.0,0.0,0.0
7139,EPS GR,33.33,—,—,—,—,—,—,—,—,—,—
7139,EPS GR 3Y avg,—,—,—,—,—,—,—,—,—,—,—
7139,EPS GR 5Y avg,—,—,—,—,—,—,—,—,—,—,—
7139,EPS GR 10Y avg,—,—,—,—,—,—,—,—,—,—,—
7139,OCF GR,—,—,—,—,—,—,—,—,—,—,—
7139,FCF GR,—,—,—,—,—,—,—,—,—,—,—
7139,D/E,0.01,0.01,0.01,—,—,—,0.01,0.03,0.66,—,—
7139,Price,0.1950,0.0500,0.0500,0.0400,0.1000,0.0950,0.1250,0.1250,0.1200,0.2300,0.2700
7145,Year End,TTM,2020-06,2019-06,2016-12,2015-12,2014-12,2013-12,2012-12,2011-12,2010-12,2009-12
7145,Revenue,154,94,122,208,239,302,423,267,182,192,182
7145,NP,41,39,3,4,2,5,5,4,3,2,-9
7145,EPS,0.04,0.07,0.01,0.01,—,0.02,0.04,0.02,0.02,0.01,-0.05
7145,DPS,—,—,—,—,—,—,—,—,—,—,—
7145,Div Payout,—,—,—,—,—,—,—,—,—,—,—
7145,Shares,"1,480",519,351,338,444,233,127,167,167,167,167
7145,BVPS,0.19,0.28,0.52,—,—,—,—,—,—,—,—
7145,OCF,1,33,-3,-11,-8,31,45,-5,-50,13,—
7145,FCF,1,33,-3,-11,-10,30,44,-53,-51,12,—
7145,NP Margin,26.88,41.29,2.22,2.08,0.78,1.54,1.08,1.43,1.84,1.18,-4.90
7145,ROE,17.34,20.11,1.35,2.37,1.06,3.03,3.48,3.02,2.74,1.91,-7.33
7145,Revenue GR,39.88,-22.92,-19.18,-13.07,-20.81,-28.50,58.52,46.60,-5.25,—,—
7145,Revenue GR 3Y avg,—,-18.70,-18.22,-21.04,-3.54,18.44,30.10,13.58,14.98,—,—
7145,Revenue GR 5Y avg,—,-20.61,-11.30,2.73,4.51,10.68,28.71,4.17,-10.49,—,—
7145,Revenue GR 10Y avg,—,-2.05,-4.88,-4.11,—,—,—,—,—,—,—
7145,NP GR,—,96.17,-11.23,-1.59,-21.00,11.46,26.08,—,-0.04,—,—
7145,NP GR 3Y avg,—,39.13,-5.04,5.26,-3.74,—,6.25,-25.03,-28.56,—,—
7145,NP GR 5Y avg,—,23.74,-14.31,-13.28,—,—,—,—,—,—,—
7145,NP GR 10Y avg,0.0,0.0,0.0,0.0,0.0,0.0,0.0,0.0,0.0,0.0,0.0
7145,EPS GR,-78.64,927.40,-11.13,133.33,-78.89,-26.96,19.50,13.64,47.49,—,—
7145,EPS GR 3Y avg,—,89.71,-19.98,-28.88,-43.10,-0.27,26.05,—,-0.13,—,—
7145,EPS GR 5Y avg,—,16.85,-16.08,-13.35,-20.95,—,6.23,-25.02,-28.58,—,—
7145,EPS GR 10Y avg,—,12.11,-20.08,-21.33,—,—,—,—,—,—,—
7145,OCF GR,—,—,—,—,—,-31.20,—,—,—,—,—
7145,FCF GR,—,—,—,—,—,-31.97,—,—,—,—,—
7145,D/E,0.23,—,0.07,0.20,0.29,0.22,0.33,0.58,0.41,0.09,0.10
7145,Price,0.1300,0.1500,0.1400,0.1300,0.1700,0.1000,0.1400,0.1400,0.2950,0.2000,0.2300
7146,Year End,TTM,2019-12,2018-12,2017-12,2016-12,2015-12,2014-12,2013-12,2012-12,2011-12,2010-12
7146,Revenue,68,63,61,62,52,43,55,43,50,46,50
7146,NP,-3,-1,-2,-1,1,-3,-1,1,-1,-4,-2
7146,EPS,-0.01,—,-0.01,—,—,-0.02,-0.01,0.01,-0.01,-0.04,-0.03
7146,DPS,—,—,—,—,—,—,—,—,—,—,—
7146,Div Payout,—,—,—,—,—,—,—,—,—,—,—
7146,Shares,355,314,299,277,253,186,96,100,100,100,99
7146,BVPS,0.09,0.18,0.19,0.20,0.19,0.16,0.13,0.25,0.25,0.27,—
7146,OCF,—,16,4,12,-15,4,-8,-1,8,1,1
7146,FCF,-16,1,-4,-10,-21,-15,-15,-8,4,-1,-3
7146,NP Margin,-4.98,-1.38,-3.20,-2.07,1.58,-7.10,-1.89,1.56,-1.54,-8.19,-5.00
7146,ROE,-5.45,-1.51,-3.50,-2.32,1.72,-7.56,-3.18,2.67,-3.02,-14.29,-9.39
7146,Revenue GR,19.97,3.17,-1.47,20.26,21.46,-22.25,26.83,-13.31,7.44,-6.67,—
7146,Revenue GR 3Y avg,—,6.93,12.91,4.33,6.20,-5.09,5.71,-4.56,-0.05,-9.70,—
7146,Revenue GR 5Y avg,—,2.91,7.25,4.54,2.21,-3.04,1.88,-7.27,-8.81,-8.84,—
7146,Revenue GR 10Y avg,—,2.40,-0.27,-2.36,-3.47,—,—,—,—,—,—
7146,NP GR,—,—,—,—,6.59,—,—,—,—,—,—
7146,NP GR 3Y avg,—,—,—,—,—,—,—,—,—,—,—
7146,NP GR 5Y avg,—,—,—,—,—,—,—,—,—,—,—
7146,NP GR 10Y avg,0.0,0.0,0.0,0.0,0.0,0.0,0.0,0.0,0.0,0.0,0.0
7146,EPS GR,—,—,—,—,—,—,—,—,—,—,—
7146,EPS GR 3Y avg,—,—,—,—,-21.81,—,—,—,—,—,—
7146,EPS GR 5Y avg,—,—,—,—,—,—,—,—,—,—,—
7146,EPS GR 10Y avg,—,—,—,—,—,—,—,—,—,—,—
7146,OCF GR,—,343.52,-69.63,—,—,—,—,—,890.38,46.53,—
7146,FCF GR,—,—,—,—,—,—,—,—,—,—,—
7146,D/E,0.07,0.01,—,—,—,—,—,0.01,0.20,0.28,0.39
7146,Price,0.0850,0.0850,0.0600,0.1100,0.1100,0.1500,0.1450,0.1300,0.1400,0.2050,0.2200
7154,Year End,TTM,2020-03,2019-03,2018-03,2017-03,2016-03,2015-03,2014-03,2013-03,2012-03,2011-03
7154,Revenue,64,69,86,98,119,118,94,95,92,69,58
7154,NP,-4,-7,2,1,6,5,4,7,2,1,-10
7154,EPS,-0.03,-0.05,0.01,0.01,0.03,0.03,0.02,0.04,0.01,0.01,-0.06
7154,DPS,—,—,0.01,0.01,0.01,0.01,0.01,—,—,—,—
7154,Div Payout,—,—,294.1,38.6,19.9,11.2,21.8,—,—,—,—
7154,Shares,253,240,239,160,160,160,160,160,160,160,160
7154,BVPS,0.35,0.53,0.54,0.55,0.55,0.53,0.47,0.45,0.40,0.38,—
7154,OCF,5,6,-3,-1,3,-6,-8,2,-4,-5,-6
7154,FCF,5,5,-3,-2,3,-6,-8,1,-5,-6,-6
7154,NP Margin,-6.47,-10.73,1.76,1.41,4.63,4.37,4.01,7.51,1.79,1.70,-17.79
7154,ROE,-4.71,-8.68,1.69,1.56,6.44,6.43,5.00,10.19,2.54,1.88,-15.62
7154,Revenue GR,33.41,-18.77,-12.70,-17.78,0.84,25.02,-0.04,3.29,33.23,19.15,—
7154,Revenue GR 3Y avg,—,-16.46,-10.22,1.20,8.01,8.88,11.22,17.92,1.27,—,—
7154,Revenue GR 5Y avg,—,-5.97,-1.99,1.37,11.64,15.43,1.41,—,0.53,—,—
7154,Revenue GR 10Y avg,—,-2.35,—,0.90,—,—,—,—,—,—,—
7154,NP GR,—,—,-33.63,-28.57,-8.09,46.51,39.41,—,23.25,—,—
7154,NP GR 3Y avg,—,—,-26.65,-3.40,31.60,—,34.00,—,—,—,—
7154,NP GR 5Y avg,—,—,—,—,—,—,—,—,—,—,—
7154,NP GR 10Y avg,0.0,0.0,0.0,0.0,0.0,0.0,0.0,0.0,0.0,0.0,0.0
7154,EPS GR,-117.42,—,8.09,-74.89,6.82,36.36,-46.73,322.86,43.84,—,—
7154,EPS GR 3Y avg,—,—,-33.81,-28.49,-8.11,45.36,47.97,—,24.05,—,—
7154,EPS GR 5Y avg,—,—,-26.77,-3.80,36.39,—,33.87,—,—,—,—
7154,EPS GR 10Y avg,—,—,—,—,—,—,—,—,—,—,—
7154,OCF GR,—,—,—,—,—,—,—,—,—,—,—
7154,FCF GR,—,—,—,—,—,—,—,—,—,—,—
7154,D/E,0.13,0.14,0.14,0.10,0.12,0.14,0.07,0.07,0.08,0.01,0.02
7154,Price,0.3200,0.3200,0.2250,1.0500,0.9400,0.4950,0.5200,0.4750,0.5250,0.3000,0.2400
7158,Year End,TTM,2020-06,2018-03,2017-03,2016-03,2015-03,2014-03,2013-03,2012-12,2011-12,2010-12
7158,Revenue,-232,—,704,827,"1,383","1,799","1,653","1,922","1,403","1,384","1,642"
7158,NP,-120,-242,-250,-107,23,49,5,-67,-224,-232,-185
7158,EPS,-0.11,-0.22,-0.23,-0.06,0.02,0.05,0.01,-0.10,-0.32,-0.33,-0.27
7158,DPS,—,—,—,—,—,—,—,—,—,—,—
7158,Div Payout,—,—,—,—,—,—,—,—,—,—,—
7158,Shares,—,"1,094","1,093","1,903",952,952,952,819,697,697,694
7158,BVPS,-0.22,-0.12,—,—,—,—,—,—,—,—,—
7158,OCF,33,-21,61,15,234,162,171,61,—,25,-115
7158,FCF,33,-22,25,-17,194,96,70,-50,—,-67,-157
7158,NP Margin,—,—,-35.51,-12.99,1.63,2.75,0.30,—,-15.95,-16.79,-11.24
7158,ROE,—,—,-53.43,-17.50,3.48,7.90,0.82,—,—,-33.95,-19.19
7158,Revenue GR,—,—,-14.86,-40.22,-23.09,8.80,-14.01,—,1.36,-15.73,—
7158,Revenue GR 3Y avg,—,—,-26.85,-20.62,-10.39,8.40,—,—,-10.73,-13.07,—
7158,Revenue GR 5Y avg,—,—,-18.20,-9.34,—,2.17,-4.06,—,-6.43,-2.59,—
7158,Revenue GR 10Y avg,—,—,-11.17,-8.88,-1.41,—,—,—,—,—,—
7158,NP GR,—,—,—,—,—,—,—,—,—,—,—
7158,NP GR 3Y avg,—,—,—,—,—,—,-14.98,—,—,—,—
7158,NP GR 5Y avg,—,—,—,—,-14.14,—,—,—,—,—,—
7158,NP GR 10Y avg,0.0,0.0,0.0,0.0,0.0,0.0,0.0,0.0,0.0,0.0,0.0
7158,EPS GR,-100.43,—,—,—,-54.62,900.00,—,—,—,—,—
7158,EPS GR 3Y avg,—,—,—,—,—,—,—,—,—,—,—
7158,EPS GR 5Y avg,—,—,—,—,—,—,-26.10,—,—,—,—
7158,EPS GR 10Y avg,—,—,—,—,-19.79,—,—,—,—,—,—
7158,OCF GR,—,—,305.07,-93.54,43.92,-5.00,179.82,—,—,—,—
7158,FCF GR,—,—,—,—,103.39,36.30,—,—,—,—,—
7158,D/E,—,—,0.42,0.22,0.27,0.29,0.43,—,—,0.63,0.71
7158,Price,0.0650,0.0350,0.0750,0.1150,0.1200,0.1850,0.1900,0.2450,0.4350,0.3500,0.2600
7163,Year End,TTM,2019-12,2018-12,2017-12,2016-12,2015-12,2014-12,2013-12,2012-12,2011-12,2010-12
7163,Revenue,17,13,5,5,8,6,17,20,17,23,29
7163,NP,—,—,—,-5,-1,-3,2,3,-20,-1,4
7163,EPS,—,—,—,-0.06,-0.03,-0.07,0.03,0.06,-0.40,-0.02,0.08
7163,DPS,—,—,—,—,—,—,—,—,—,—,—
7163,Div Payout,—,—,—,—,—,—,—,—,—,—,—
7163,Shares,—,82,82,82,50,50,50,50,50,50,50
7163,BVPS,0.28,—,—,—,—,—,—,—,—,—,—
7163,OCF,—,—,—,-6,-1,—,2,-1,-18,3,—
7163,FCF,—,—,—,-6,-1,—,1,-1,-18,3,—
7163,NP Margin,1.19,2.49,5.19,-103.85,-17.99,-61.42,11.08,15.75,-116.95,-3.31,13.01
7163,ROE,0.91,1.41,1.19,-27.36,-9.34,-18.73,11.96,33.68,-112.86,-2.69,13.93
7163,Revenue GR,-69.78,151.38,5.21,-40.57,44.37,-66.69,-16.85,16.09,-25.01,-19.98,—
7163,Revenue GR 3Y avg,—,16.27,-3.36,-34.13,-26.33,-31.49,-10.21,-11.36,-13.34,9.84,—
7163,Revenue GR 5Y avg,—,-5.44,-24.21,-22.71,-19.03,-28.04,-8.88,2.90,1.54,-1.66,—
7163,Revenue GR 10Y avg,—,-7.18,-11.69,-11.41,-10.76,—,—,—,—,—,—
7163,NP GR,—,—,—,—,—,—,—,-5.52,—,—,—
7163,NP GR 3Y avg,—,-29.87,-39.29,—,—,—,11.36,—,—,—,—
7163,NP GR 5Y avg,—,-11.63,—,—,—,—,—,—,—,—,—
7163,NP GR 10Y avg,0.0,0.0,0.0,0.0,0.0,0.0,0.0,0.0,0.0,0.0,0.0
7163,EPS GR,-164.84,18.75,—,—,—,—,-41.46,—,—,—,—
7163,EPS GR 3Y avg,—,—,—,—,—,—,—,-5.59,—,—,—
7163,EPS GR 5Y avg,—,-36.57,-44.93,—,—,—,11.37,—,—,—,—
7163,EPS GR 10Y avg,—,-15.95,—,—,—,—,—,—,—,—,—
7163,OCF GR,—,—,—,—,—,-99.64,—,—,—,—,—
7163,FCF GR,—,—,—,—,—,—,—,—,—,—,—
7163,D/E,—,—,—,—,0.40,0.48,0.40,0.81,0.83,0.31,0.32
7163,Price,0.3050,0.1900,0.1500,0.2700,0.2850,0.2900,0.2650,0.2000,0.3100,0.2100,0.2100
7164,Year End,TTM,2020-12,2019-12,2018-12,2017-12,2016-12,2015-12,2014-12,2013-12,2012-12,2011-12
7164,Revenue,"1,238","1,343","1,633","1,432","1,390","1,647","1,641","1,865","1,984","2,378","1,964"
7164,NP,42,64,46,-775,-43,-333,50,42,23,82,-92
7164,EPS,0.02,0.02,0.02,-0.33,-0.02,-0.16,0.03,0.03,0.02,0.07,-0.09
7164,DPS,—,—,—,—,—,—,—,—,—,—,0.03
7164,Div Payout,—,—,—,—,—,—,—,—,—,—,—
7164,Shares,"2,796","2,710","2,541","2,346","2,152","2,133","1,867","1,608","1,517","1,074","1,012"
7164,BVPS,0.54,0.58,0.60,0.97,1.05,1.25,1.27,1.23,1.35,1.21,1.81
7164,OCF,195,186,58,-8,-82,-185,15,25,132,54,181
7164,FCF,178,174,44,-21,-112,-211,-38,10,123,-3,129
7164,NP Margin,3.39,4.78,2.79,-54.09,-3.09,-20.22,3.02,2.26,1.18,3.45,-4.67
7164,ROE,2.39,3.73,2.84,-39.36,-1.80,-13.05,2.03,2.00,1.20,4.77,-5.52
7164,Revenue GR,-31.29,-17.72,13.98,3.07,-15.61,0.34,-12.00,-5.99,-16.55,21.07,25.96
7164,Revenue GR 3Y avg,—,-1.13,-0.29,-4.44,-9.34,-6.02,-11.62,-1.70,8.37,8.93,-8.08
7164,Revenue GR 5Y avg,—,-3.93,-2.63,-6.31,-10.18,-3.46,1.03,0.28,-4.74,14.09,16.66
7164,Revenue GR 10Y avg,—,-1.48,-1.19,-5.53,1.23,6.12,—,—,—,—,—
7164,NP GR,—,—,—,—,—,—,-15.48,—,-41.68,-31.97,—
7164,NP GR 3Y avg,—,5.33,1.53,—,—,—,-15.97,-30.52,-41.30,-15.30,—
7164,NP GR 5Y avg,—,-5.92,-16.01,—,—,—,—,—,—,—,—
7164,NP GR 10Y avg,0.0,0.0,0.0,0.0,0.0,0.0,0.0,0.0,0.0,0.0,0.0
7164,EPS GR,-109.21,32.40,—,—,—,—,0.79,70.00,-79.75,—,—
7164,EPS GR 3Y avg,—,—,—,—,—,—,-29.73,—,-48.94,-33.15,—
7164,EPS GR 5Y avg,—,-2.21,-7.40,—,—,—,-25.59,-36.55,-46.00,-18.22,—
7164,EPS GR 10Y avg,—,-14.70,-23.35,—,—,—,—,—,—,—,—
7164,OCF GR,—,222.32,—,—,—,—,-40.31,-81.22,145.63,-70.30,227.44
7164,FCF GR,—,298.50,—,—,—,—,—,-91.57,—,—,—
7164,D/E,0.42,0.39,0.63,0.68,0.29,0.35,0.12,0.10,0.22,0.06,0.23
7164,Price,0.1900,0.2050,0.3750,0.0750,0.2250,0.3400,0.5100,0.4900,0.4500,0.4600,0.9900
7165,Year End,TTM,2020-06,2019-06,2018-06,2017-06,2016-06,2015-06,2012-12,2011-12,2010-12,2009-12
7165,Revenue,12,9,9,9,14,28,23,135,23,20,18
7165,NP,-2,-5,-7,-6,-7,-2,-1,—,-2,—,—
7165,EPS,-0.01,-0.02,-0.03,-0.03,-0.05,-0.02,-0.01,—,-0.03,—,—
7165,DPS,—,—,—,—,—,—,—,—,—,—,—
7165,Div Payout,—,—,—,—,—,—,—,—,—,—,—
7165,Shares,264,231,200,189,139,107,97,90,88,88,88
7165,BVPS,0.35,0.41,0.46,0.52,0.52,0.28,0.35,—,—,—,—
7165,OCF,-113,-15,-3,-25,-27,-12,3,-2,4,1,—
7165,FCF,-113,-16,-3,-34,-28,-13,3,-3,3,—,—
7165,NP Margin,-15.51,-56.78,-72.51,-60.01,-50.04,-6.96,-5.93,0.02,-9.40,-1.38,-1.74
7165,ROE,-1.07,-4.71,-6.58,-5.98,-8.39,-3.40,-4.00,0.07,-5.50,-0.67,-0.77
7165,Revenue GR,16.71,-5.61,-1.15,-31.50,-49.85,20.08,-50.86,479.35,18.92,—,—
7165,Revenue GR 3Y avg,—,-13.86,-30.23,-25.56,-39.76,3.77,3.55,96.04,10.64,—,—
7165,Revenue GR 5Y avg,—,-17.38,-33.69,-12.95,-5.24,6.83,4.52,38.59,-4.48,—,—
7165,Revenue GR 10Y avg,—,-5.64,-8.63,-9.37,—,—,—,—,—,—,—
7165,NP GR,—,—,—,—,—,—,—,—,—,—,—
7165,NP GR 3Y avg,—,—,—,—,—,—,—,—,—,—,—
7165,NP GR 5Y avg,—,—,—,—,—,—,—,—,—,—,—
7165,NP GR 10Y avg,0.0,0.0,0.0,0.0,0.0,0.0,0.0,0.0,0.0,0.0,0.0
7165,EPS GR,-41.38,—,—,—,—,—,—,—,—,—,—
7165,EPS GR 3Y avg,—,—,—,—,—,—,—,—,—,—,—
7165,EPS GR 5Y avg,—,—,—,—,—,—,—,—,—,—,—
7165,EPS GR 10Y avg,—,—,—,—,—,—,—,—,—,—,—
7165,OCF GR,—,—,—,—,—,—,—,—,400.18,—,—
7165,FCF GR,—,—,—,—,—,—,—,—,677.56,—,—
7165,D/E,—,—,—,—,—,—,0.01,0.01,0.01,0.01,0.02
7165,Price,0.2400,0.2100,0.6450,0.7500,0.6950,0.6000,0.6700,0.3150,0.5600,0.5500,0.5200
7168,Year End,TTM,2020-12,2019-12,2018-12,2017-12,2016-12,2015-12,2014-12,2013-12,2012-12,2011-12
7168,Revenue,227,196,132,149,193,132,129,92,79,84,81
7168,NP,-11,-13,-50,-9,4,4,6,2,5,4,5
7168,EPS,-0.03,-0.03,-0.14,-0.03,—,0.01,0.02,0.01,0.02,0.02,0.02
7168,DPS,—,—,—,—,0.01,0.01,0.01,0.01,0.01,0.01,0.01
7168,Div Payout,—,—,—,—,147.1,16.3,27.1,122.0,55.4,55.4,96.2
7168,Shares,425,419,345,306,357,331,290,240,221,206,206
7168,BVPS,0.36,0.42,0.42,0.46,0.41,0.41,0.39,0.36,0.37,0.36,0.35
7168,OCF,-20,-38,-20,-34,19,33,1,-65,-3,8,8
7168,FCF,-27,-43,-32,-39,12,29,-4,-76,-3,6,2
7168,NP Margin,-4.74,-6.75,-37.63,-6.04,2.26,3.23,4.70,2.57,6.02,4.84,5.84
7168,ROE,-6.74,-8.48,-34.18,-6.71,3.36,3.54,5.40,2.56,6.29,5.58,6.53
7168,Revenue GR,111.67,48.73,-11.16,-22.98,46.12,2.12,40.13,17.09,-6.71,4.70,-1.57
7168,Revenue GR 3Y avg,—,0.59,—,4.75,27.87,18.77,15.25,4.57,-1.30,1.48,-4.81
7168,Revenue GR 5Y avg,—,8.72,7.43,13.53,17.96,10.35,9.55,2.68,-3.37,-2.07,-1.01
7168,Revenue GR 10Y avg,—,9.13,5.03,4.74,7.48,4.52,—,—,—,—,—
7168,NP GR,—,—,—,—,22.44,-3.51,14.12,-20.43,18.93,2.66,-9.98
7168,NP GR 3Y avg,—,—,—,—,1.29,-1.98,16.58,-8.87,-5.98,-14.21,-9.66
7168,NP GR 5Y avg,—,—,—,—,-6.78,-5.90,—,—,—,—,—
7168,NP GR 10Y avg,0.0,0.0,0.0,0.0,0.0,0.0,0.0,0.0,0.0,0.0,0.0
7168,EPS GR,-156.41,—,—,—,-4.53,-38.96,111.82,-57.04,16.19,-13.27,66.67
7168,EPS GR 3Y avg,—,—,—,—,7.27,-17.80,1.87,-24.35,18.87,2.65,-9.99
7168,EPS GR 5Y avg,—,—,—,—,-9.23,-10.96,8.85,-11.60,-5.97,-14.13,-9.82
7168,EPS GR 10Y avg,—,—,—,—,-11.72,-10.39,—,—,—,—,—
7168,OCF GR,—,—,—,—,-43.57,—,—,—,—,-7.92,1.50
7168,FCF GR,—,—,—,—,-59.13,—,—,—,—,146.54,-41.16
7168,D/E,0.43,0.46,0.23,0.14,0.15,0.14,0.30,0.51,0.05,0.08,0.12
7168,Price,0.2000,0.2000,0.6000,0.7650,0.9600,0.7400,0.9300,0.6500,0.8800,0.3700,0.3700
7170,Year End,TTM,2020-12,2019-12,2017-12,2017-07,2016-07,2015-07,2014-07,2013-07,2012-07,2010-03
7170,Revenue,9,13,19,13,13,26,28,32,73,26,225
7170,NP,-2,-2,—,-2,-2,1,1,—,13,-33,-6
7170,EPS,—,—,—,—,—,—,0.01,—,0.08,-0.21,-0.04
7170,DPS,—,—,—,—,—,—,—,—,—,—,—
7170,Div Payout,—,—,—,—,—,—,—,—,—,—,—
7170,Shares,442,423,373,342,342,281,160,160,160,160,160
7170,BVPS,0.04,0.08,0.09,0.13,—,—,—,—,—,—,—
7170,OCF,-1,-9,-6,2,2,-35,-2,5,1,7,—
7170,FCF,-1,-9,-6,1,1,-35,-2,5,1,7,—
7170,NP Margin,-22.07,-12.80,0.62,-12.69,-12.69,5.28,3.14,0.62,18.52,-129.51,-2.54
7170,ROE,-5.61,-4.81,0.34,—,-3.76,4.49,6.78,1.81,317.26,-244.97,-16.45
7170,Revenue GR,-79.62,-28.78,18.72,—,-48.55,-7.20,-12.67,-55.76,183.51,—,—
7170,Revenue GR 3Y avg,—,0.12,-8.98,-26.31,-25.29,-28.96,3.09,—,-10.05,-22.96,—
7170,Revenue GR 5Y avg,—,-12.68,-9.34,-31.77,-12.16,—,-18.40,-14.97,—,—,—
7170,Revenue GR 10Y avg,—,-16.06,-12.67,-20.40,—,—,—,—,—,—,—
7170,NP GR,—,—,-51.36,—,—,-53.24,—,—,26.47,—,—
7170,NP GR 3Y avg,—,—,-9.29,—,—,—,-17.02,—,—,—,—
7170,NP GR 5Y avg,—,—,—,—,—,—,—,—,—,—,—
7170,NP GR 10Y avg,0.0,0.0,0.0,0.0,0.0,0.0,0.0,0.0,0.0,0.0,0.0
7170,EPS GR,119.96,—,—,—,—,-10.68,347.83,-98.55,—,—,—
7170,EPS GR 3Y avg,—,—,-55.00,—,—,-61.26,—,—,22.85,—,—
7170,EPS GR 5Y avg,—,—,-21.95,—,—,—,-18.82,—,—,—,—
7170,EPS GR 10Y avg,—,—,—,—,—,—,—,—,—,—,—
7170,OCF GR,—,—,—,—,—,—,—,249.77,-78.23,—,—
7170,FCF GR,—,—,—,—,—,—,—,251.18,-78.20,—,—
7170,D/E,—,—,—,—,—,—,0.31,0.54,0.64,—,0.85
7170,Price,0.1350,0.2050,0.2150,0.1000,0.1250,0.2200,0.2550,0.3000,0.2600,0.1400,0.0600
7176,Year End,TTM,2020-12,2019-12,2018-12,2017-12,2016-12,2015-12,2014-12,2013-12,2012-06,2009-12
7176,Revenue,246,242,245,213,114,94,89,84,73,43,54
7176,NP,-28,-23,2,3,—,4,4,5,-4,-13,-1
7176,EPS,0.08,0.10,0.01,0.01,-0.02,0.02,0.03,0.03,-0.03,-0.09,-0.01
7176,DPS,—,—,—,—,—,—,—,—,—,—,—
7176,Div Payout,—,—,—,—,—,—,—,—,—,—,—
7176,Shares,308,235,270,270,234,240,140,140,140,140,140
7176,BVPS,0.23,0.28,0.40,0.33,0.30,0.33,0.17,0.14,0.15,—,—
7176,OCF,-8,-6,3,13,5,10,18,10,4,-4,—
7176,FCF,-8,-6,3,5,-24,6,17,10,-1,-9,—
7176,NP Margin,-11.45,-9.41,0.85,1.54,-0.20,4.12,4.30,5.70,-5.56,-30.27,-1.40
7176,ROE,-37.01,-29.50,2.41,4.16,-0.32,7.95,16.87,25.86,-22.52,-47.86,-2.40
7176,Revenue GR,6.68,-1.49,15.20,86.19,21.16,6.03,6.54,14.17,43.30,—,—
7176,Revenue GR 3Y avg,—,28.32,37.49,33.74,11.03,8.85,23.41,9.32,4.95,-1.18,—
7176,Revenue GR 5Y avg,—,22.11,24.03,23.81,19.64,8.44,6.45,9.32,4.96,—,—
7176,Revenue GR 10Y avg,—,12.71,16.45,13.99,9.79,9.26,—,—,—,—,—
7176,NP GR,—,—,-18.76,-4.98,—,—,—,—,—,—,—
7176,NP GR 3Y avg,—,—,-15.24,—,—,—,—,—,—,—,—
7176,NP GR 5Y avg,—,—,—,—,—,—,—,—,—,—,—
7176,NP GR 10Y avg,0.0,0.0,0.0,0.0,0.0,0.0,0.0,0.0,0.0,0.0,0.0
7176,EPS GR,63.18,—,-36.89,—,—,-40.81,-19.63,—,—,—,—
7176,EPS GR 3Y avg,—,—,-21.96,-23.61,—,—,—,—,—,—,—
7176,EPS GR 5Y avg,—,28.79,-25.72,—,—,—,—,—,—,—,—
7176,EPS GR 10Y avg,—,—,—,—,—,—,—,—,—,—,—
7176,OCF GR,—,—,-74.27,131.07,-47.74,-41.36,71.50,183.31,—,—,—
7176,FCF GR,—,—,-40.71,—,—,-65.32,74.32,—,—,—,—
7176,D/E,0.22,0.28,0.22,0.28,0.34,0.15,0.69,1.19,0.63,0.51,0.07
7176,Price,0.2250,0.2300,0.3050,0.3350,0.3850,0.4950,0.3750,0.4050,0.3550,0.2900,0.2900
7180,Year End,TTM,2020-06,2019-06,2018-06,2017-06,2016-06,2015-06,2014-06,2013-06,2012-06,2010-12
7180,Revenue,310,300,237,173,130,105,109,87,104,153,115
7180,NP,21,17,12,9,1,1,2,—,-4,-5,2
7180,EPS,0.02,0.02,0.01,0.01,—,—,—,—,-0.01,-0.01,—
7180,DPS,—,—,—,—,—,—,—,—,—,—,—
7180,Div Payout,—,—,—,—,—,—,—,—,—,—,—
7180,Shares,994,906,820,779,720,720,720,720,720,720,720
7180,BVPS,0.23,0.14,0.12,0.11,0.09,0.09,0.09,0.08,0.09,0.10,—
7180,OCF,19,-2,-9,-9,16,5,3,-1,—,-3,-8
7180,FCF,18,-5,-12,-13,3,5,3,-1,—,-8,-11
7180,NP Margin,6.67,5.65,4.88,5.25,1.12,1.27,1.97,0.10,-3.75,-2.94,1.65
7180,ROE,14.21,17.15,14.20,12.78,2.22,2.08,3.44,0.14,-6.17,-6.66,2.76
7180,Revenue GR,-0.20,26.55,37.08,32.72,23.94,-3.94,25.76,-16.64,-31.95,—,—
7180,Revenue GR 3Y avg,—,32.04,31.13,16.48,14.40,0.24,-10.65,—,-3.79,21.97,—
7180,Revenue GR 5Y avg,—,22.35,22.19,10.62,-3.21,—,-1.09,-1.56,-1.47,4.84,—
7180,Revenue GR 10Y avg,—,10.62,10.30,4.72,0.52,-2.66,—,—,—,—,—
7180,NP GR,—,126.20,105.27,61.58,156.43,—,—,—,—,—,—
7180,NP GR 3Y avg,—,51.07,166.00,—,—,—,2.81,—,—,—,—
7180,NP GR 5Y avg,—,25.88,—,—,-4.13,-14.24,—,—,—,—,—
7180,NP GR 10Y avg,0.0,0.0,0.0,0.0,0.0,0.0,0.0,0.0,0.0,0.0,0.0
7180,EPS GR,67.63,32.62,20.86,473.77,9.91,-37.99,—,—,—,—,—
7180,EPS GR 3Y avg,—,109.51,96.80,57.55,159.27,—,—,—,—,—,—
7180,EPS GR 5Y avg,—,44.35,160.89,—,—,—,2.81,—,—,—,—
7180,EPS GR 10Y avg,—,22.91,—,—,-4.01,-14.28,—,—,—,—,—
7180,OCF GR,—,—,—,—,218.67,58.24,—,—,—,—,—
7180,FCF GR,—,—,—,—,-36.67,89.59,—,—,—,—,—
7180,D/E,0.09,0.16,0.21,0.26,0.19,0.05,0.06,0.07,0.08,0.07,—
7180,Price,2.3200,1.2200,0.4950,0.6000,1.3400,1.0400,0.5250,0.3200,0.1950,0.2100,0.2300
7181,Year End,TTM,2020-12,2019-12,2018-12,2017-12,2016-12,2015-12,2014-12,2013-12,2012-12,2011-12
7181,Revenue,236,219,103,15,11,35,29,28,58,62,62
7181,NP,43,43,33,4,-4,-16,-1,-11,-1,-22,-6
7181,EPS,0.08,0.09,0.10,0.06,-0.06,-0.26,-0.01,-0.18,-0.01,-0.37,-0.10
7181,DPS,—,—,—,—,—,—,—,—,—,—,—
7181,Div Payout,—,—,—,—,—,—,—,—,—,—,—
7181,Shares,586,486,329,67,61,61,61,61,61,61,61
7181,BVPS,0.35,0.34,0.28,0.27,0.33,0.61,0.62,0.74,0.76,0.81,1.28
7181,OCF,-1,5,-12,1,1,5,2,1,11,13,11
7181,FCF,-33,-27,-27,1,—,2,2,1,10,13,11
7181,NP Margin,18.44,19.80,32.35,27.74,-31.96,-44.51,-2.70,-39.04,-1.46,-36.08,-10.38
7181,ROE,27.14,31.10,52.96,20.47,-18.47,-53.08,-2.08,-24.87,-1.73,-36.74,-8.52
7181,Revenue GR,48.37,113.80,572.77,33.63,-67.41,20.93,4.92,-52.55,-5.92,0.37,-14.06
7181,Revenue GR 3Y avg,—,167.87,43.09,-19.25,-25.50,-15.56,-22.34,-23.48,-6.72,-0.87,8.14
7181,Revenue GR 5Y avg,—,49.93,30.03,-23.49,-28.68,-10.68,-16.58,-15.34,3.61,2.53,1.78
7181,Revenue GR 10Y avg,—,11.84,4.92,-10.96,-14.48,-4.65,—,—,—,—,—
7181,NP GR,—,—,—,—,—,—,—,—,—,—,—
7181,NP GR 3Y avg,—,—,—,—,—,—,—,—,—,—,—
7181,NP GR 5Y avg,—,—,—,—,—,—,—,—,—,—,—
7181,NP GR 10Y avg,0.0,0.0,0.0,0.0,0.0,0.0,0.0,0.0,0.0,0.0,0.0
7181,EPS GR,-50.21,-11.40,60.16,—,—,—,—,—,—,—,—
7181,EPS GR 3Y avg,—,—,—,—,—,—,—,—,—,—,—
7181,EPS GR 5Y avg,—,—,—,—,—,—,—,—,—,—,—
7181,EPS GR 10Y avg,—,—,—,—,—,—,—,—,—,—,—
7181,OCF GR,—,—,—,-45.22,-77.18,163.35,188.36,-93.72,-20.53,18.58,647.13
7181,FCF GR,—,—,—,76.95,-83.63,5.92,187.46,-93.38,-22.74,15.88,—
7181,D/E,—,—,—,—,—,0.01,—,—,0.02,0.05,0.22
7181,Price,0.3500,0.2700,0.3050,0.2900,0.2300,0.4050,0.6000,0.5400,0.6400,0.5800,0.6000
7182,Year End,TTM,2020-12,2019-12,2018-12,2017-12,2016-12,2014-06,2013-06,2010-12,2009-12,2008-12
7182,Revenue,45,41,25,25,13,24,90,97,159,189,169
7182,NP,-2,-1,-3,-4,-5,-34,-37,1,-45,4,-3
7182,EPS,-0.01,—,—,-0.01,-0.02,-0.11,-0.15,0.01,-0.36,0.04,-0.02
7182,DPS,—,—,—,—,—,—,—,—,—,—,—
7182,Div Payout,—,—,—,—,—,—,—,—,—,—,—
7182,Shares,312,312,312,312,312,312,240,120,124,124,124
7182,BVPS,-0.12,-0.11,-0.10,-0.09,-0.08,-0.01,—,—,—,—,—
7182,OCF,—,2,—,—,2,—,-21,-7,9,—,—
7182,FCF,—,—,—,—,2,—,-26,-7,2,—,—
7182,NP Margin,-4.23,-2.96,-11.00,-15.43,-39.27,-142.65,-40.99,0.71,-28.42,2.37,-1.53
7182,ROE,—,—,—,—,—,—,-203.45,3.06,-66.63,5.20,-3.11
7182,Revenue GR,48.74,62.30,0.58,91.98,-44.98,-41.15,-7.02,—,—,—,—
7182,Revenue GR 3Y avg,—,46.34,2.03,-24.63,-35.83,—,-14.96,-17.38,—,—,—
7182,Revenue GR 5Y avg,—,-11.35,-18.63,—,-29.95,-25.58,-10.76,-4.89,—,—,—
7182,Revenue GR 10Y avg,—,-12.64,-18.21,-17.31,-20.35,-13.98,—,—,—,—,—
7182,NP GR,—,—,—,—,—,—,—,-41.48,—,—,—
7182,NP GR 3Y avg,—,—,—,—,—,—,—,-9.96,—,—,—
7182,NP GR 5Y avg,—,—,—,—,—,—,—,—,—,—,—
7182,NP GR 10Y avg,0.0,0.0,0.0,0.0,0.0,0.0,0.0,0.0,0.0,0.0,0.0
7182,EPS GR,116.67,—,—,—,—,—,—,—,—,—,—
7182,EPS GR 3Y avg,—,—,—,—,—,—,—,-42.70,—,—,—
7182,EPS GR 5Y avg,—,—,—,—,—,—,—,-9.71,—,—,—
7182,EPS GR 10Y avg,—,—,—,—,—,—,—,—,—,—,—
7182,OCF GR,—,426.63,45.04,-89.24,613.56,—,—,—,—,—,—
7182,FCF GR,—,218.36,-26.09,-89.39,—,—,—,—,—,—,—
7182,D/E,—,—,—,—,—,—,4.10,2.59,0.50,0.25,—
7182,Price,0.0700,0.0700,0.0550,0.0650,0.0850,0.0650,0.1050,0.1100,0.1600,0.2500,0.4900
7183,Year End,TTM,2017-12,2016-12,2015-12,2014-12,2013-12,2012-12,2011-12,2010-12,2009-12,2008-12
7183,Revenue,21,59,134,132,108,115,125,129,99,79,68
7183,NP,-11,-16,-28,-10,-6,1,3,2,3,3,1
7183,EPS,-0.08,-0.12,-0.20,-0.07,-0.04,—,—,0.01,0.02,0.02,—
7183,DPS,—,—,—,—,—,—,—,—,0.01,—,—
7183,Div Payout,—,—,—,—,—,—,—,—,—,—,—
7183,Shares,145,138,134,142,122,207,204,203,203,203,203
7183,BVPS,0.12,—,—,—,—,—,—,—,—,—,—
7183,OCF,-2,9,7,-3,-34,11,10,-3,-1,8,—
7183,FCF,-3,9,6,-13,-58,3,5,-7,-6,5,-2
7183,NP Margin,-53.72,-27.33,-20.58,-7.90,-5.69,0.89,2.24,1.62,3.22,3.85,0.92
7183,ROE,-30.74,-40.63,-44.73,-13.14,-9.15,2.03,5.78,4.52,7.24,7.36,1.59
7183,Revenue GR,19.92,-55.85,1.34,21.93,-6.31,-7.57,-3.08,29.62,—,—,—
7183,Revenue GR 3Y avg,—,-18.29,5.00,1.83,-5.67,5.11,16.27,23.48,—,—,—
7183,Revenue GR 5Y avg,—,-13.93,0.73,5.81,6.36,11.02,15.60,19.33,—,—,—
7183,Revenue GR 10Y avg,—,-0.25,9.64,—,—,—,—,—,—,—,—
7183,NP GR,—,—,—,—,—,-31.62,-2.99,48.93,—,—,—
7183,NP GR 3Y avg,—,—,—,—,—,10.11,—,—,—,—,—
7183,NP GR 5Y avg,—,—,—,—,—,—,—,—,—,—,—
7183,NP GR 10Y avg,0.0,0.0,0.0,0.0,0.0,0.0,0.0,0.0,0.0,0.0,0.0
7183,EPS GR,-100.31,—,—,—,—,-63.93,33.55,-34.87,—,—,—
7183,EPS GR 3Y avg,—,—,—,—,—,-32.05,-3.08,48.85,—,—,—
7183,EPS GR 5Y avg,—,—,—,—,—,9.70,—,—,—,—,—
7183,EPS GR 10Y avg,—,—,—,—,—,—,—,—,—,—,—
7183,OCF GR,—,29.90,—,—,—,14.65,—,—,—,—,—
7183,FCF GR,—,61.51,—,—,—,-33.05,—,—,—,—,—
7183,D/E,0.07,0.42,0.33,0.23,0.20,0.14,0.07,0.08,0.08,0.06,0.09
7183,Price,0.1050,0.1050,0.0550,0.0750,0.1600,0.1400,0.1500,0.1900,0.3100,0.2950,1.7300
7184,Year End,TTM,2020-12,2019-12,2018-12,2017-07,2016-07,2015-07,2014-07,2013-07,2012-07,2011-07
7184,Revenue,9,15,14,30,27,37,35,36,46,39,43
7184,NP,-11,-13,-16,-17,-6,-14,-10,-9,1,-12,-20
7184,EPS,—,-0.01,—,-0.01,—,-0.01,-0.01,-0.01,—,-0.01,-0.02
7184,DPS,—,—,—,—,—,—,—,—,—,—,—
7184,Div Payout,—,—,—,—,—,—,—,—,—,—,—
7184,Shares,"2,781","2,450","9,031","2,369","1,373","1,008","1,245","1,245","1,245","1,245","1,245"
7184,BVPS,0.02,—,0.02,0.04,—,—,—,—,—,—,—
7184,OCF,-8,-4,-11,-16,-5,—,4,—,3,5,-3
7184,FCF,-8,-4,-13,-20,-9,—,3,-1,2,3,-3
7184,NP Margin,-121.45,-89.08,-115.33,-57.34,-20.66,-38.62,-28.77,-25.08,2.36,-29.50,-45.70
7184,ROE,-32.34,-40.42,-36.25,-28.88,-24.43,-48.07,-25.86,-18.66,2.07,-20.32,-28.98
7184,Revenue GR,-82.43,5.74,-52.36,6.62,-26.31,6.56,-2.88,-21.49,15.47,-8.89,-11.37
7184,Revenue GR 3Y avg,—,-15.96,-24.39,-4.31,-8.64,-6.69,-4.16,-6.18,-2.31,-17.20,-8.67
7184,Revenue GR 5Y avg,—,-14.29,-15.63,-7.49,-7.12,-3.09,-6.60,-12.45,-4.33,-7.81,-2.81
7184,Revenue GR 10Y avg,—,-10.68,-14.11,-5.98,-7.47,-2.95,—,—,—,—,—
7184,NP GR,—,—,—,—,—,—,—,—,—,—,—
7184,NP GR 3Y avg,—,—,—,—,—,—,—,—,9.68,—,—
7184,NP GR 5Y avg,—,—,—,—,—,—,—,—,—,—,—
7184,NP GR 10Y avg,0.0,0.0,0.0,0.0,0.0,0.0,0.0,0.0,0.0,0.0,0.0
7184,EPS GR,-91.11,—,—,—,—,—,—,—,—,—,—
7184,EPS GR 3Y avg,—,—,—,—,—,—,—,—,—,—,—
7184,EPS GR 5Y avg,—,—,—,—,—,—,—,—,9.66,—,—
7184,EPS GR 10Y avg,—,—,—,—,—,—,—,—,—,—,—
7184,OCF GR,—,—,—,—,—,-89.25,—,—,-35.25,—,—
7184,FCF GR,—,—,—,—,—,-91.77,—,—,-26.33,—,—
7184,D/E,—,—,0.01,0.01,—,0.01,—,—,—,—,0.01
7184,Price,0.2050,2.0100,2.6700,0.8150,0.8200,1.1600,0.8200,0.2300,0.2300,0.2700,0.2400
7186,Year End,TTM,2020-12,2018-08,2017-08,2016-08,2015-08,2014-08,2013-08,2012-08,2011-08,2010-08
7186,Revenue,153,140,131,145,149,125,127,107,112,89,145
7186,NP,3,-2,-1,9,4,—,3,3,3,1,-3
7186,EPS,0.02,-0.01,-0.01,0.05,0.02,—,0.02,0.02,0.02,—,-0.02
7186,DPS,—,—,—,—,0.01,0.01,—,—,—,—,—
7186,Div Payout,—,—,—,—,—,—,—,—,—,—,—
7186,Shares,191,184,182,182,176,158,158,158,158,158,158
7186,BVPS,0.52,0.44,—,—,—,—,—,—,—,—,—
7186,OCF,4,10,4,1,4,7,7,5,-4,5,—
7186,FCF,1,7,-3,-3,1,4,3,4,-6,3,—
7186,NP Margin,2.11,-1.76,-0.79,5.91,2.96,0.24,2.66,2.38,2.79,0.66,-1.86
7186,ROE,3.25,-2.55,-1.05,9.47,6.15,0.48,5.47,4.35,5.63,1.09,-4.91
7186,Revenue GR,43.14,2.86,-9.80,-2.84,19.42,-1.40,18.47,-4.79,25.87,-38.46,—
7186,Revenue GR 3Y avg,—,-1.51,1.53,4.59,11.74,3.61,12.39,-9.65,-6.57,-13.86,—
7186,Revenue GR 5Y avg,—,1.55,4.10,5.23,10.83,-2.94,-1.66,-5.19,-3.75,-5.14,—
7186,Revenue GR 10Y avg,—,0.12,-0.65,0.64,2.53,—,—,—,—,—,—
7186,NP GR,—,—,—,36.40,20.13,-54.15,78.83,—,—,—,—
7186,NP GR 3Y avg,—,—,—,22.25,49.55,—,—,—,—,—,—
7186,NP GR 5Y avg,—,—,—,—,—,—,—,—,—,—,—
7186,NP GR 10Y avg,0.0,0.0,0.0,0.0,0.0,0.0,0.0,0.0,0.0,0.0,0.0
7186,EPS GR,-315.73,—,—,90.32,—,-92.59,35.00,-20.00,400.00,—,—
7186,EPS GR 3Y avg,—,—,—,29.77,15.73,-56.91,75.44,—,—,—,—
7186,EPS GR 5Y avg,—,—,—,18.74,44.04,—,—,—,—,—,—
7186,EPS GR 10Y avg,—,—,—,—,—,—,—,—,—,—,—
7186,OCF GR,—,43.70,254.33,-72.20,-44.33,13.75,37.02,—,—,—,—
7186,FCF GR,—,—,—,—,-86.83,29.09,-23.11,—,—,—,—
7186,D/E,0.08,0.10,0.14,0.14,0.05,0.04,0.03,0.04,0.06,0.06,0.05
7186,Price,0.5800,0.8000,0.6250,0.6600,0.7900,1.0600,1.3000,0.7600,0.8450,0.2400,0.2200
7187,Year End,TTM,2020-03,2019-03,2018-03,2017-03,2016-03,2015-03,2014-03,2013-03,2012-03,2011-03
7187,Revenue,145,140,151,125,94,79,89,103,144,154,158
7187,NP,5,4,3,9,-4,-2,—,-1,-7,5,2
7187,EPS,0.02,0.01,0.01,0.03,-0.01,-0.01,—,—,-0.05,0.04,0.02
7187,DPS,—,—,—,—,—,—,—,—,—,—,—
7187,Div Payout,—,—,—,—,—,—,—,—,—,—,—
7187,Shares,361,338,365,357,295,277,277,238,138,138,138
7187,BVPS,0.40,0.40,0.39,0.35,0.30,0.31,0.26,0.27,0.38,0.37,—
7187,OCF,-28,-10,-6,-19,11,7,6,-1,25,6,21
7187,FCF,-28,-11,-6,-19,9,6,5,-2,22,2,13
7187,NP Margin,3.76,2.69,2.25,7.17,-4.26,-2.77,-0.12,-1.00,-4.77,3.47,1.41
7187,ROE,4.20,3.19,2.97,8.45,-4.46,-2.61,-0.14,-1.78,-14.34,10.95,4.96
7187,Revenue GR,5.96,-7.80,21.49,32.03,20.05,-11.69,-13.90,-28.27,-6.29,-2.83,—
7187,Revenue GR 3Y avg,—,13.93,24.41,11.86,-3.00,-18.30,-16.66,-13.23,-2.17,—,—
7187,Revenue GR 5Y avg,—,9.41,7.92,-2.87,-9.31,-13.06,-10.38,—,-2.57,—,—
7187,Revenue GR 10Y avg,—,-0.98,—,-2.70,—,—,—,—,—,—,—
7187,NP GR,—,—,—,—,—,—,—,—,—,—,—
7187,NP GR 3Y avg,—,—,—,—,—,—,—,—,—,—,—
7187,NP GR 5Y avg,—,—,—,-5.49,—,—,—,—,—,—,—
7187,NP GR 10Y avg,0.0,0.0,0.0,0.0,0.0,0.0,0.0,0.0,0.0,0.0,0.0
7187,EPS GR,16.67,19.35,-62.95,—,—,—,—,—,—,139.75,—
7187,EPS GR 3Y avg,—,—,—,—,—,—,—,—,—,—,—
7187,EPS GR 5Y avg,—,—,—,—,—,—,—,—,—,—,—
7187,EPS GR 10Y avg,—,—,—,-13.10,—,—,—,—,—,—,—
7187,OCF GR,—,—,—,—,53.88,28.57,—,—,340.13,-73.42,—
7187,FCF GR,—,—,—,—,38.53,31.37,—,—,907.63,-83.52,—
7187,D/E,0.01,0.02,0.01,0.01,0.02,0.01,0.01,0.03,0.43,0.13,0.91
7187,Price,0.9000,0.9000,0.2850,0.3500,0.4500,0.3400,0.1100,0.1500,0.1400,0.1750,0.2600
7188,Year End,TTM,2020-12,2019-12,2018-12,2017-12,2016-12,2015-12,2014-12,2013-12,2012-12,2011-12
7188,Revenue,8,8,9,16,13,16,12,9,8,5,13
7188,NP,-4,-4,-6,-3,-1,—,-3,-6,-1,-2,-2
7188,EPS,-0.03,-0.03,-0.05,-0.02,-0.01,—,-0.02,-0.11,-0.01,-0.03,-0.03
7188,DPS,—,—,—,—,—,—,—,—,—,—,—
7188,Div Payout,—,—,—,—,—,—,—,—,—,—,—
7188,Shares,155,144,141,139,128,131,124,56,60,60,60
7188,BVPS,0.12,0.13,0.16,0.21,0.21,0.21,0.22,0.13,0.18,0.19,0.20
7188,OCF,-4,-3,2,—,—,2,-3,-2,1,-2,—
7188,FCF,-4,-3,2,-1,-1,-4,-6,-2,—,-2,—
7188,NP Margin,-48.74,-50.18,-68.50,-16.72,-6.43,2.54,-22.79,-69.98,-9.14,-44.96,-15.28
7188,ROE,-18.38,-18.78,-25.23,-9.06,-2.97,1.55,-9.82,-27.30,-4.75,-16.83,-15.27
7188,Revenue GR,-24.63,-11.12,-39.47,21.86,-19.93,37.97,27.20,15.94,68.81,-63.50,1.74
7188,Revenue GR 3Y avg,—,-13.13,-16.10,10.42,12.01,26.72,35.53,-10.61,-14.42,-18.03,3.48
7188,Revenue GR 5Y avg,—,-6.25,0.72,14.70,22.43,4.62,-1.56,1.51,-7.35,-14.70,-4.68
7188,Revenue GR 10Y avg,—,-3.93,1.12,3.09,2.19,-0.13,—,—,—,—,—
7188,NP GR,—,—,—,—,—,—,—,—,—,—,—
7188,NP GR 3Y avg,—,—,—,—,—,—,—,—,—,—,—
7188,NP GR 5Y avg,—,—,—,—,—,—,—,—,—,—,—
7188,NP GR 10Y avg,0.0,0.0,0.0,0.0,0.0,0.0,0.0,0.0,0.0,0.0,0.0
7188,EPS GR,-27.86,—,—,—,—,—,—,—,—,—,—
7188,EPS GR 3Y avg,—,—,—,—,—,—,—,—,—,—,—
7188,EPS GR 5Y avg,—,—,—,—,—,—,—,—,—,—,—
7188,EPS GR 10Y avg,—,—,—,—,—,—,—,—,—,—,—
7188,OCF GR,—,—,—,—,—,—,—,—,—,—,—
7188,FCF GR,—,—,—,—,—,—,—,—,—,—,—
7188,D/E,0.07,0.06,0.09,0.06,0.10,0.15,0.19,0.15,0.05,0.19,0.24
7188,Price,0.2250,0.2700,0.2000,0.0900,0.2450,0.2450,0.3200,0.1300,0.2400,0.2500,0.2600
7192,Year End,TTM,2019-06,2016-12,2015-12,2014-12,2013-12,2012-12,2011-12,2010-12,2009-12,2008-12
7192,Revenue,17,46,157,181,207,266,285,278,232,193,254
7192,NP,-31,-29,-46,-9,-12,6,5,4,6,2,-13
7192,EPS,-0.27,-0.26,-0.33,-0.08,-0.11,0.05,0.05,0.04,0.04,0.02,-0.13
7192,DPS,—,—,—,—,—,0.01,0.01,—,0.01,—,0.02
7192,Div Payout,—,—,—,—,—,20.0,22.7,29.8,—,—,—
7192,Shares,120,111,111,111,111,111,111,111,138,100,100
7192,BVPS,0.08,—,0.63,0.68,0.79,0.86,0.82,0.70,—,—,—
7192,OCF,12,16,—,20,13,8,10,-1,-8,5,—
7192,FCF,4,14,-2,13,-1,-15,3,-5,-14,4,—
7192,NP Margin,-185.60,-62.67,-29.04,-5.15,-5.98,2.17,1.86,1.41,2.40,1.23,-5.09
7192,ROE,-117.41,-81.29,-77.86,-12.38,-14.69,6.36,5.97,4.77,7.70,3.67,-18.98
7192,Revenue GR,127.13,-38.96,-13.37,-12.59,-21.93,-6.77,2.56,19.87,—,—,—
7192,Revenue GR 3Y avg,—,-28.52,-16.07,-13.99,-9.29,4.66,13.80,3.10,—,—,—
7192,Revenue GR 5Y avg,—,-24.52,-10.78,-4.79,1.41,0.94,6.42,12.07,—,—,—
7192,Revenue GR 10Y avg,—,-12.35,—,—,—,—,—,—,—,—,—
7192,NP GR,—,—,—,—,—,1.20,30.41,—,—,—,—
7192,NP GR 3Y avg,—,—,—,—,—,—,2.31,2.86,—,—,—
7192,NP GR 5Y avg,—,—,—,—,—,—,—,—,—,—,—
7192,NP GR 10Y avg,0.0,0.0,0.0,0.0,0.0,0.0,0.0,0.0,0.0,0.0,0.0
7192,EPS GR,-99.69,—,—,—,—,8.56,35.31,-12.20,—,—,—
7192,EPS GR 3Y avg,—,—,—,—,—,8.85,26.33,—,—,—,—
7192,EPS GR 5Y avg,—,—,—,—,—,—,0.36,0.95,—,—,—
7192,EPS GR 10Y avg,—,—,—,—,—,—,—,—,—,—,—
7192,OCF GR,—,379.61,-98.44,52.27,69.52,-24.53,—,—,—,—,—
7192,FCF GR,—,—,—,—,—,—,—,—,—,—,—
7192,D/E,1.18,0.75,0.85,0.64,0.67,0.62,0.50,0.54,0.73,1.03,1.24
7192,Price,0.3100,0.6150,0.1650,0.1850,0.1800,0.2050,0.2650,0.6250,0.2700,0.3950,0.4050
7195,Year End,TTM,2021-01,2020-01,2019-01,2018-01,2017-01,2016-01,2015-01,2014-01,2013-01,2012-01
7195,Revenue,—,—,2,4,382,407,377,310,315,416,301
7195,NP,-8,-8,14,-26,-34,18,13,-1,-4,3,-7
7195,EPS,-0.06,-0.06,0.10,-0.18,-0.24,0.13,0.10,-0.01,-0.03,0.02,-0.05
7195,DPS,—,—,—,—,—,—,—,—,—,—,—
7195,Div Payout,—,—,—,—,—,—,—,—,—,—,—
7195,Shares,140,140,140,140,140,140,140,140,140,140,140
7195,BVPS,0.06,0.08,0.20,0.18,0.98,0.90,0.75,0.67,0.67,0.66,0.62
7195,OCF,8,8,25,-40,3,20,-4,5,12,-8,17
7195,FCF,8,8,25,-40,-4,17,-9,-14,11,-10,16
7195,NP Margin,—,—,736.88,-649.45,-8.87,4.35,3.58,-0.45,-1.26,0.83,-2.34
7195,ROE,-49.14,-49.14,85.13,-47.67,-29.50,14.55,12.96,-1.44,-4.06,3.69,-7.80
7195,Revenue GR,-183.29,-79.29,-50.70,-98.97,-6.04,7.98,21.71,-1.74,-24.31,38.06,-5.95
7195,Revenue GR 3Y avg,—,-89.84,-83.18,-78.16,7.29,8.90,-3.27,0.88,-0.58,11.84,-0.91
7195,Revenue GR 5Y avg,—,-74.57,-63.76,-58.40,-1.69,6.18,3.28,0.80,0.33,4.48,-1.45
7195,Revenue GR 10Y avg,—,-48.75,-39.56,-35.39,1.35,2.29,2.38,—,—,—,—
7195,NP GR,—,—,-6.92,—,—,—,57.57,—,—,—,—
7195,NP GR 3Y avg,—,—,—,—,—,—,—,—,—,-18.24,—
7195,NP GR 5Y avg,—,—,—,—,—,—,33.00,—,—,—,—
7195,NP GR 10Y avg,0.0,0.0,0.0,0.0,0.0,0.0,0.0,0.0,0.0,0.0,0.0
7195,EPS GR,-318.82,—,—,—,—,31.26,—,—,—,—,—
7195,EPS GR 3Y avg,—,—,-6.93,—,—,—,57.60,—,—,—,—
7195,EPS GR 5Y avg,—,—,—,—,—,—,—,—,—,-18.26,—
7195,EPS GR 10Y avg,—,—,—,—,—,—,31.99,—,—,—,—
7195,OCF GR,—,-68.42,—,—,-86.71,—,—,-52.98,—,—,—
7195,FCF GR,—,-68.39,—,—,—,—,—,—,—,—,—
7195,D/E,—,—,—,—,0.09,0.09,0.12,0.11,—,—,0.02
7195,Price,0.1250,0.1250,0.1350,0.1300,0.7500,0.8600,0.6350,0.2250,0.1700,0.1350,0.1700
7197,Year End,TTM,2020-12,2019-12,2018-12,2017-12,2016-12,2015-12,2014-12,2013-12,2012-12,2011-12
7197,Revenue,223,196,159,202,228,186,137,85,84,90,89
7197,NP,10,2,-9,5,11,15,13,3,2,2,1
7197,EPS,0.11,0.02,-0.13,0.04,0.10,0.14,0.13,0.03,0.03,0.02,0.01
7197,DPS,—,—,—,—,—,—,—,—,—,—,—
7197,Div Payout,—,—,—,—,—,—,—,—,—,—,—
7197,Shares,106,98,107,107,107,107,98,77,77,77,77
7197,BVPS,0.93,0.85,0.89,1.33,1.07,0.83,0.77,0.58,0.57,0.53,0.48
7197,OCF,16,16,9,24,19,19,19,7,8,7,8
7197,FCF,6,12,—,13,3,-2,16,5,1,2,5
7197,NP Margin,4.36,1.09,-5.47,2.22,4.62,7.68,8.72,2.99,2.62,1.99,0.86
7197,ROE,10.20,2.26,-8.91,4.53,11.60,17.82,19.78,5.65,5.19,4.42,1.96
7197,Revenue GR,73.65,23.16,-21.43,-11.40,23.11,34.97,61.70,1.39,-6.44,0.40,0.83
7197,Revenue GR 3Y avg,—,-5.00,-5.01,13.76,39.02,30.31,15.33,-1.61,-1.79,9.31,11.75
7197,Revenue GR 5Y avg,—,7.34,13.34,19.27,20.58,15.76,9.20,4.38,5.57,2.71,0.56
7197,Revenue GR 10Y avg,—,8.26,8.77,12.21,11.29,7.89,—,—,—,—,—
7197,NP GR,—,-41.34,—,-29.22,60.69,90.68,92.44,49.33,112.80,—,—
7197,NP GR 3Y avg,—,-30.01,—,15.42,42.75,81.94,123.42,—,—,-6.26,-29.45
7197,NP GR 5Y avg,—,25.04,—,—,15.68,13.29,—,—,—,—,—
7197,NP GR 10Y avg,0.0,0.0,0.0,0.0,0.0,0.0,0.0,0.0,0.0,0.0,0.0
7197,EPS GR,-138.34,—,—,-56.69,-30.85,10.44,300.00,14.69,23.28,132.00,233.33
7197,EPS GR 3Y avg,—,-42.75,—,-30.84,45.10,71.75,78.16,48.58,112.04,—,—
7197,EPS GR 5Y avg,—,-32.20,—,8.70,33.99,70.69,112.89,—,—,-6.23,-28.89
7197,EPS GR 10Y avg,—,20.14,—,—,12.09,10.17,—,—,—,—,—
7197,OCF GR,—,77.70,-62.88,24.14,0.24,3.64,179.70,-20.69,27.23,-22.04,94.75
7197,FCF GR,—,—,—,315.17,—,—,247.85,438.90,-54.43,-60.83,132.36
7197,D/E,0.47,0.52,0.58,0.39,0.39,0.37,0.05,0.02,0.06,0.04,0.04
7197,Price,1.5600,0.9000,0.5600,0.6700,1.6800,1.5400,2.7600,0.5550,0.3300,0.2000,0.2200
7198,Year End,TTM,2020-03,2019-03,2018-03,2017-03,2016-03,2015-03,2014-03,2013-03,2012-03,2010-12
7198,Revenue,63,45,30,35,41,42,55,38,38,80,117
7198,NP,8,11,-2,-5,—,—,—,—,-31,-46,-23
7198,EPS,0.01,0.02,—,-0.01,—,—,—,—,-0.12,-0.17,-0.09
7198,DPS,—,—,—,—,—,—,—,—,—,—,—
7198,Div Payout,—,—,—,—,—,—,—,—,—,—,—
7198,Shares,588,588,588,588,588,588,325,264,264,264,264
7198,BVPS,0.19,0.22,0.18,0.19,0.20,0.20,0.14,0.30,0.30,0.59,—
7198,OCF,3,10,-6,-3,3,9,-19,3,-2,21,2
7198,FCF,1,8,-6,-4,-1,4,-19,2,-2,—,-1
7198,NP Margin,12.91,23.31,-7.01,-14.65,0.08,0.76,0.69,-0.87,-82.14,-56.77,-19.86
7198,ROE,6.21,8.69,-1.87,-4.50,0.03,0.28,0.39,-0.42,-33.03,-41.51,-13.91
7198,Revenue GR,82.05,49.42,-12.76,-14.86,-2.00,-24.69,44.15,1.47,-53.03,-25.98,—
7198,Revenue GR 3Y avg,—,3.53,-10.05,-14.35,2.08,3.27,-11.76,-29.09,-29.42,-22.53,—
7198,Revenue GR 5Y avg,—,-3.91,-4.60,-1.67,-12.70,-17.88,-13.34,-25.86,-23.16,-6.74,—
7198,Revenue GR 10Y avg,—,-8.86,-16.15,-13.34,-9.69,—,—,—,—,—,—
7198,NP GR,—,577.77,—,—,—,—,—,—,—,—,—
7198,NP GR 3Y avg,—,94.12,—,—,—,—,2.31,—,—,—,—
7198,NP GR 5Y avg,—,39.81,—,—,-44.52,—,—,—,—,—,—
7198,NP GR 10Y avg,0.0,0.0,0.0,0.0,0.0,0.0,0.0,0.0,0.0,0.0,0.0
7198,EPS GR,-56.99,—,—,—,-80.00,-58.33,—,—,—,—,—
7198,EPS GR 3Y avg,—,463.57,—,—,—,—,—,—,—,—,—
7198,EPS GR 5Y avg,—,71.69,—,—,—,—,-1.51,—,—,—,—
7198,EPS GR 10Y avg,—,29.14,—,—,-49.51,—,—,—,—,—,—
7198,OCF GR,—,—,—,—,-68.16,—,—,—,—,511.05,—
7198,FCF GR,—,—,—,—,—,—,—,—,—,—,—
7198,D/E,0.07,0.07,0.09,0.04,—,0.01,0.04,0.16,0.33,0.27,0.19
7198,Price,0.1250,0.1250,0.0450,0.0750,0.0750,0.1050,0.1000,0.1150,0.0950,0.1000,0.1400
7199,Year End,TTM,2020-04,2019-04,2018-04,2017-04,2016-04,2015-04,2014-04,2013-04,2012-04,2011-04
7199,Revenue,217,197,229,233,220,217,194,160,150,166,164
7199,NP,9,3,4,2,7,9,4,1,-1,6,9
7199,EPS,0.08,0.02,0.03,0.02,0.07,0.09,0.04,0.01,-0.01,0.06,0.08
7199,DPS,—,0.01,0.01,0.01,0.01,0.01,0.01,0.01,0.01,0.02,0.02
7199,Div Payout,—,30.7,36.1,48.0,25.9,9.8,45.3,312.5,—,32.4,—
7199,Shares,109,109,109,109,99,109,109,109,109,109,109
7199,BVPS,1.10,1.04,1.02,0.97,0.98,0.94,0.83,0.81,0.81,0.81,—
7199,OCF,12,26,24,21,21,28,10,14,8,22,17
7199,FCF,5,20,20,10,9,11,—,7,3,13,10
7199,NP Margin,4.04,1.33,1.55,0.75,3.21,4.30,1.97,0.73,-0.79,3.67,5.52
7199,ROE,7.51,2.31,3.26,1.64,6.77,9.73,4.27,1.34,-1.36,7.07,11.20
7199,Revenue GR,27.63,-13.95,-1.89,5.94,1.39,12.06,21.16,6.85,-10.02,1.08,—
7199,Revenue GR 3Y avg,—,-3.65,1.76,6.37,11.24,13.20,5.22,-0.95,1.21,3.29,—
7199,Revenue GR 5Y avg,—,0.32,7.43,9.28,5.77,5.70,6.06,1.16,0.97,6.33,—
7199,Revenue GR 10Y avg,—,3.15,4.25,5.04,6.05,5.59,—,—,—,—,—
7199,NP GR,—,-28.22,-27.62,-22.81,82.50,—,-14.51,-49.63,—,7.52,—
7199,NP GR 3Y avg,—,-7.31,24.97,—,2.94,0.54,-11.49,-25.05,—,3.87,—
7199,NP GR 5Y avg,—,-9.42,-3.22,-10.64,3.41,17.13,—,—,—,—,—
7199,NP GR 10Y avg,0.0,0.0,0.0,0.0,0.0,0.0,0.0,0.0,0.0,0.0,0.0
7199,EPS GR,455.22,-26.46,101.86,-75.13,-24.42,144.68,229.06,—,—,-32.82,—
7199,EPS GR 3Y avg,—,-28.26,-27.60,-22.81,82.57,—,-14.50,-49.66,—,7.49,—
7199,EPS GR 5Y avg,—,-7.35,25.03,—,2.94,0.54,-11.47,-25.09,—,3.89,—
7199,EPS GR 10Y avg,—,-9.43,-3.22,-10.65,3.41,17.12,—,—,—,—,—
7199,OCF GR,—,6.85,12.56,2.12,-25.56,188.51,-28.59,74.11,-64.85,30.35,—
7199,FCF GR,—,1.48,101.57,14.27,-23.42,—,—,159.65,-80.33,35.22,—
7199,D/E,0.17,0.13,0.21,0.25,0.27,0.30,0.14,0.10,0.11,0.10,0.11
7199,Price,0.6700,0.3200,0.5250,0.5000,0.7650,0.9300,0.4300,0.3800,0.3550,0.4500,0.4300
7206,Year End,TTM,2020-12,2019-12,2018-12,2017-12,2016-12,2015-12,2014-12,2013-12,2012-12,2010-10
7206,Revenue,45,62,58,3,5,18,101,344,260,190,35
7206,NP,-58,-56,12,-3,-103,-366,-45,-76,8,24,66
7206,EPS,-0.03,-0.03,0.01,—,-0.09,-0.33,-0.04,-0.07,0.01,0.03,0.10
7206,DPS,—,—,—,—,—,—,—,—,—,—,—
7206,Div Payout,—,—,—,—,—,—,—,—,—,—,—
7206,Shares,"2,496","2,221","2,221","2,221","2,221","2,221","1,444","1,007","1,222",767,649
7206,BVPS,0.01,0.03,-0.19,-0.20,-0.12,0.14,0.33,0.36,0.38,0.34,—
7206,OCF,-10,-20,-20,-156,33,83,-77,7,-38,17,—
7206,FCF,-10,-20,-20,-156,33,83,-313,-99,-103,-106,—
7206,NP Margin,-129.11,-90.90,21.51,-99.28,—,—,-45.11,-22.21,3.15,12.70,188.69
7206,ROE,—,—,—,—,—,-237.58,-12.09,-19.88,2.37,10.41,61.52
7206,Revenue GR,-90.02,7.58,2126.81,-52.11,-69.64,-82.31,-70.80,32.39,36.54,—,—
7206,Revenue GR 3Y avg,—,125.54,47.94,-70.48,-74.97,-59.11,-19.18,—,-3.14,-14.32,—
7206,Revenue GR 5Y avg,—,-9.23,-30.07,-60.23,-50.96,—,-16.11,-0.85,-12.91,-9.33,—
7206,Revenue GR 10Y avg,—,-13.09,-15.19,-38.67,-31.13,—,—,—,—,—,—
7206,NP GR,—,—,—,—,—,—,—,—,—,—,—
7206,NP GR 3Y avg,—,—,—,—,—,—,—,—,-13.32,6.38,—
7206,NP GR 5Y avg,—,—,—,—,—,—,—,—,—,—,—
7206,NP GR 10Y avg,0.0,0.0,0.0,0.0,0.0,0.0,0.0,0.0,0.0,0.0,0.0
7206,EPS GR,-63.64,—,—,—,—,—,—,—,-78.73,—,—
7206,EPS GR 3Y avg,—,—,—,—,—,—,—,—,—,—,—
7206,EPS GR 5Y avg,—,—,—,—,—,—,—,—,-33.09,-12.13,—
7206,EPS GR 10Y avg,—,—,—,—,—,—,—,—,—,—,—
7206,OCF GR,—,—,—,—,-60.23,—,—,—,—,—,—
7206,FCF GR,—,—,—,—,-60.23,—,—,—,—,—,—
7206,D/E,5.35,5.78,—,—,—,—,0.18,0.69,0.72,—,—
7206,Price,0.1350,0.0900,0.0900,0.0300,0.1050,0.1350,0.1700,0.3000,0.8800,0.5200,0.3400
7208,Year End,TTM,2020-12,2019-12,2018-12,2017-12,2016-12,2015-12,2014-12,2013-12,2012-12,2011-12
7208,Revenue,71,64,71,100,64,84,92,106,97,103,107
7208,NP,5,1,-13,-4,-4,3,2,2,-2,1,—
7208,EPS,0.01,—,-0.01,-0.01,—,—,—,—,—,—,—
7208,DPS,—,—,—,—,—,—,—,—,—,—,—
7208,Div Payout,—,—,—,—,—,—,—,—,—,—,—
7208,Shares,936,801,801,801,756,729,729,729,729,729,729
7208,BVPS,0.08,0.07,0.08,0.10,0.09,0.10,0.10,0.09,0.09,0.09,0.09
7208,OCF,26,24,-10,10,-9,-13,1,15,6,5,2
7208,FCF,26,24,-10,10,-9,-14,—,13,4,4,—
7208,NP Margin,7.08,2.26,-17.92,-4.27,-5.67,4.05,2.32,2.27,-1.68,1.43,0.12
7208,ROE,7.91,2.25,-18.65,-5.71,-4.84,4.72,3.08,3.57,-2.43,2.19,0.19
7208,Revenue GR,63.68,-9.55,-28.91,57.44,-24.62,-8.89,-12.84,9.15,-5.77,-3.65,21.39
7208,Revenue GR 3Y avg,—,0.41,-5.51,2.64,-15.72,-4.65,-3.58,-0.30,3.29,16.70,-0.26
7208,Revenue GR 5Y avg,—,-7.01,-7.70,0.57,-9.25,-4.68,0.95,10.33,-2.07,-3.01,2.54
7208,Revenue GR 10Y avg,—,-3.11,0.91,-0.76,-6.18,-1.14,—,—,—,—,—
7208,NP GR,—,—,—,—,—,—,13.41,168.11,—,—,-71.09
7208,NP GR 3Y avg,—,-7.52,—,—,—,93.74,—,—,—,-30.51,-53.23
7208,NP GR 5Y avg,—,—,—,—,—,-4.81,—,—,—,—,—
7208,NP GR 10Y avg,0.0,0.0,0.0,0.0,0.0,0.0,0.0,0.0,0.0,0.0,0.0
7208,EPS GR,-115.65,—,—,—,—,59.09,-11.11,—,—,—,—
7208,EPS GR 3Y avg,—,—,—,—,—,—,13.20,170.53,—,—,-71.37
7208,EPS GR 5Y avg,—,-9.31,—,—,—,94.73,—,—,—,-30.50,-53.50
7208,EPS GR 10Y avg,—,—,—,—,—,-4.84,—,—,—,—,—
7208,OCF GR,—,—,—,—,—,—,-93.64,139.40,23.96,109.39,—
7208,FCF GR,—,—,—,—,—,—,-96.28,185.77,19.94,870.00,—
7208,D/E,0.13,0.14,0.17,0.21,0.25,0.42,0.18,0.19,0.24,—,0.27
7208,Price,4.7000,2.9000,0.1650,0.1300,0.1600,0.2050,0.2500,0.5500,0.3750,0.2900,0.2700
7209,Year End,TTM,2020-06,2019-06,2018-06,2017-06,2016-06,2015-06,2014-06,2013-06,2012-06,2011-06
7209,Revenue,99,109,141,117,126,127,129,130,127,126,124
7209,NP,7,-3,—,1,2,2,3,7,10,11,11
7209,EPS,0.06,-0.03,—,—,0.02,0.02,0.02,0.06,0.08,0.09,0.09
7209,DPS,—,—,—,0.01,0.01,0.01,0.01,0.02,0.03,0.02,0.03
7209,Div Payout,—,—,20.3,—,—,53.1,91.8,32.8,4.1,38.2,—
7209,Shares,115,115,115,115,117,119,120,122,123,127,128
7209,BVPS,1.13,1.07,1.07,1.06,1.06,1.08,1.06,1.05,0.98,0.91,—
7209,OCF,11,1,12,13,-9,4,17,-8,20,10,11
7209,FCF,10,1,11,12,-10,2,13,-12,18,7,9
7209,NP Margin,6.71,-3.12,0.22,0.88,1.42,1.79,2.04,5.42,7.47,8.60,9.04
7209,ROE,5.28,-2.70,0.25,0.80,1.38,1.76,2.05,5.60,7.87,9.48,10.48
7209,Revenue GR,3.34,-22.67,20.98,-6.95,-0.79,-1.65,-1.20,2.40,0.79,2.04,—
7209,Revenue GR 3Y avg,—,-4.52,3.75,-3.17,-1.22,-0.17,0.65,1.74,-0.03,2.14,—
7209,Revenue GR 5Y avg,—,-3.21,1.65,-1.69,-0.10,0.46,0.22,1.92,4.27,7.34,—
7209,Revenue GR 10Y avg,—,-1.51,1.78,1.25,3.55,4.49,—,—,—,—,—
7209,NP GR,—,—,-48.21,-26.68,-36.84,-38.01,-37.71,-14.24,-12.42,-4.95,—
7209,NP GR 3Y avg,—,—,-46.31,-35.84,-30.36,-27.34,-28.62,-11.01,0.20,1.95,—
7209,NP GR 5Y avg,—,—,-30.88,-19.82,-15.74,-13.99,—,—,—,—,—
7209,NP GR 10Y avg,0.0,0.0,0.0,0.0,0.0,0.0,0.0,0.0,0.0,0.0,0.0
7209,EPS GR,-113.64,—,-70.00,-40.79,-20.42,-12.47,-62.33,-25.07,-9.33,-2.82,—
7209,EPS GR 3Y avg,—,—,-47.91,-25.56,-35.98,-37.25,-36.51,-12.92,-11.37,-4.91,—
7209,EPS GR 5Y avg,—,—,-45.84,-34.96,-29.17,-26.28,-27.78,-10.20,0.91,-7.28,—
7209,EPS GR 10Y avg,—,—,-30.26,-18.99,-18.96,-17.32,—,—,—,—,—
7209,OCF GR,—,-88.76,-8.55,—,—,-74.30,—,—,104.36,-13.62,—
7209,FCF GR,—,-91.16,-5.14,—,—,-87.30,—,—,154.19,-23.98,—
7209,D/E,—,0.01,—,—,—,—,—,—,—,—,0.01
7209,Price,2.8000,0.2800,0.2850,0.4000,0.4250,0.4500,0.4700,0.5600,0.4850,0.4600,0.4650
7211,Year End,TTM,2020-12,2019-12,2018-12,2017-12,2016-12,2015-12,2014-12,2013-12,2012-12,2011-12
7211,Revenue,33,29,27,23,28,26,29,28,31,36,42
7211,NP,-8,-9,-4,-5,-3,-6,-1,1,—,-2,—
7211,EPS,-0.09,-0.12,-0.05,-0.06,-0.04,-0.08,-0.01,0.01,—,-0.02,—
7211,DPS,—,—,—,—,—,—,—,—,—,—,—
7211,Div Payout,—,—,—,—,—,—,—,—,—,—,—
7211,Shares,81,81,81,81,81,81,81,81,81,81,81
7211,BVPS,0.26,0.45,0.52,0.56,0.59,0.67,0.72,0.74,0.72,0.72,0.71
7211,OCF,-4,-3,-2,-3,1,-4,-1,-1,4,3,-1
7211,FCF,-5,-3,-3,-3,1,-7,-7,-12,3,2,-3
7211,NP Margin,-23.19,-32.15,-14.01,-20.15,-10.71,-24.03,-1.98,3.97,0.19,-4.58,-0.02
7211,ROE,-20.84,-26.09,-8.92,-9.85,-5.97,-11.34,-0.98,1.90,0.10,-2.84,-0.01
7211,Revenue GR,53.90,8.06,18.78,-18.88,8.13,-9.72,3.49,-8.93,-15.60,-13.53,5.69
7211,Revenue GR 3Y avg,—,1.35,1.37,-7.49,0.34,-5.24,-7.34,-12.73,-8.29,0.66,-12.17
7211,Revenue GR 5Y avg,—,0.32,-0.54,-5.68,-4.93,-9.09,-6.18,-4.75,-13.14,-7.70,-7.29
7211,Revenue GR 10Y avg,—,-2.98,-2.67,-9.49,-6.33,-8.19,—,—,—,—,—
7211,NP GR,—,—,—,—,—,—,—,—,-61.64,—,—
7211,NP GR 3Y avg,—,—,—,—,—,—,—,2.90,-58.92,—,—
7211,NP GR 5Y avg,—,—,—,—,—,—,—,—,—,—,—
7211,NP GR 10Y avg,0.0,0.0,0.0,0.0,0.0,0.0,0.0,0.0,0.0,0.0,0.0
7211,EPS GR,-228.30,—,—,—,—,—,—,—,—,—,—
7211,EPS GR 3Y avg,—,—,—,—,—,—,—,—,-61.11,—,—
7211,EPS GR 5Y avg,—,—,—,—,—,—,—,3.06,-58.50,—,—
7211,EPS GR 10Y avg,—,—,—,—,—,—,—,—,—,—,—
7211,OCF GR,—,—,—,—,—,—,—,—,41.54,—,—
7211,FCF GR,—,—,—,—,—,—,—,—,34.37,—,—
7211,D/E,0.01,0.02,0.01,0.03,0.05,0.06,—,—,—,—,—
7211,Price,0.6600,0.6300,0.3300,0.3100,0.4000,0.3700,0.3900,0.4150,0.2850,0.2400,0.2400
7212,Year End,TTM,2020-12,2019-12,2018-12,2017-12,2016-12,2015-12,2014-12,2013-12,2012-12,2010-09
7212,Revenue,243,190,298,418,689,355,270,167,93,57,44
7212,NP,-178,-191,-248,2,30,33,21,16,8,7,-12
7212,EPS,-0.14,-0.15,-0.21,—,0.03,0.03,0.02,0.02,0.02,0.03,-0.08
7212,DPS,—,—,—,—,—,—,—,—,—,—,—
7212,Div Payout,—,—,—,—,—,—,—,—,—,—,—
7212,Shares,"1,525","1,304","1,155","1,155","1,155","1,009",887,722,393,219,141
7212,BVPS,0.09,0.17,0.43,0.44,0.44,0.39,0.29,0.30,0.12,0.14,—
7212,OCF,-27,-26,11,67,-107,-81,19,-16,-2,-2,—
7212,FCF,-38,-36,-8,53,-125,-105,4,-37,-22,-3,—
7212,NP Margin,-73.25,-100.27,-83.24,0.42,4.36,9.31,7.84,9.77,8.80,12.40,-26.15
7212,ROE,-91.30,-97.73,-64.81,0.35,6.06,7.94,7.07,9.29,10.91,22.62,-73.00
7212,Revenue GR,154.18,-36.14,-28.78,-39.32,94.19,31.37,61.46,79.24,64.18,11.89,—
7212,Revenue GR 3Y avg,—,-34.89,-5.67,15.68,60.30,56.07,68.12,36.78,18.17,0.33,—
7212,Revenue GR 5Y avg,—,-6.78,12.22,34.98,64.71,39.54,32.77,19.11,18.53,—,—
7212,Revenue GR 10Y avg,—,13.46,15.99,25.56,—,—,—,—,—,—,—
7212,NP GR,—,—,—,-56.23,22.45,59.02,44.26,—,112.11,—,—
7212,NP GR 3Y avg,—,—,—,-26.40,33.60,—,94.02,—,—,—,—
7212,NP GR 5Y avg,—,—,—,—,—,—,—,—,—,—,—
7212,NP GR 10Y avg,0.0,0.0,0.0,0.0,0.0,0.0,0.0,0.0,0.0,0.0,0.0
7212,EPS GR,-107.14,—,—,-94.23,-20.49,36.82,5.29,8.61,-35.13,—,—
7212,EPS GR 3Y avg,—,—,—,-60.26,4.63,16.09,-9.48,—,66.69,—,—
7212,EPS GR 5Y avg,—,—,—,-40.95,-4.20,—,44.63,—,—,—,—
7212,EPS GR 10Y avg,—,—,—,—,—,—,—,—,—,—,—
7212,OCF GR,—,—,-84.18,—,—,—,—,—,—,—,—
7212,FCF GR,—,—,—,—,—,—,—,—,—,—,—
7212,D/E,0.21,0.21,0.10,0.23,0.29,0.14,0.07,0.09,0.11,0.01,0.30
7212,Price,0.2300,0.2700,0.2350,0.2050,0.5200,0.6000,0.5900,0.6000,0.4300,0.3300,0.2500
7215,Year End,TTM,2020-12,2019-12,2018-12,2017-12,2016-12,2015-12,2014-12,2013-12,2012-12,2011-12
7215,Revenue,27,25,31,33,40,38,46,41,55,50,39
7215,NP,7,2,-6,2,2,-5,2,—,2,1,—
7215,EPS,0.02,0.01,-0.02,0.01,0.01,-0.02,0.01,—,0.01,—,—
7215,DPS,—,—,—,—,—,—,—,—,0.01,—,0.01
7215,Div Payout,—,—,—,—,—,—,43.1,555.3,48.1,—,—
7215,Shares,542,349,331,315,267,276,291,250,250,250,250
7215,BVPS,0.22,0.28,0.27,0.29,0.29,0.30,0.26,0.24,0.24,0.24,0.22
7215,OCF,1,-5,-1,-6,4,2,8,3,6,—,3
7215,FCF,-1,-6,-1,-7,3,—,6,1,4,-2,2
7215,NP Margin,26.20,7.67,-19.93,6.56,5.26,-12.99,4.82,0.14,4.13,1.81,-0.38
7215,ROE,7.98,2.20,-6.87,2.51,2.70,-7.38,3.76,0.10,3.78,1.57,-0.26
7215,Revenue GR,36.55,-18.90,-6.54,-16.57,4.75,-17.67,12.79,-26.15,10.44,26.94,9.35
7215,Revenue GR 3Y avg,—,-14.17,-6.52,-10.40,-0.92,-11.82,-2.74,1.16,15.31,1.81,-11.36
7215,Revenue GR 5Y avg,—,-11.42,-5.38,-9.74,-4.53,-0.79,5.01,-2.95,-0.48,2.37,-2.04
7215,Revenue GR 10Y avg,—,-3.56,-4.17,-5.22,-1.14,-1.42,—,—,—,—,—
7215,NP GR,—,-2.68,—,-0.74,231.95,—,34.78,—,—,-43.89,—
7215,NP GR 3Y avg,—,-2.81,—,-1.00,18.17,—,—,-59.33,-18.19,-22.73,—
7215,NP GR 5Y avg,—,—,—,-10.00,-4.44,—,—,—,—,—,—
7215,NP GR 10Y avg,0.0,0.0,0.0,0.0,0.0,0.0,0.0,0.0,0.0,0.0,0.0
7215,EPS GR,-88.71,—,—,-12.94,—,—,—,-97.98,153.85,—,—
7215,EPS GR 3Y avg,—,-11.17,—,-3.36,248.98,—,28.11,—,—,-43.82,—
7215,EPS GR 5Y avg,—,-6.19,—,-5.65,16.86,—,—,-60.94,-48.41,-23.10,—
7215,EPS GR 10Y avg,—,—,—,-30.24,-5.20,—,—,—,—,—,—
7215,OCF GR,—,—,—,—,143.65,-80.69,210.43,-60.36,—,—,149.34
7215,FCF GR,—,—,—,—,—,—,370.32,-69.92,—,—,—
7215,D/E,—,—,—,—,—,—,—,—,—,—,—
7215,Price,0.1450,0.2800,0.1500,0.2500,0.2300,0.2800,0.3000,0.3350,0.1650,0.1400,0.1200
7218,Year End,TTM,2020-12,2019-12,2018-12,2017-12,2016-12,2015-12,2014-12,2013-12,2012-12,2011-12
7218,Revenue,17,17,20,23,25,26,26,22,28,35,19
7218,NP,-3,-3,-6,—,-2,1,—,—,-1,1,1
7218,EPS,-0.06,-0.07,-0.14,—,-0.04,0.02,—,0.01,-0.01,0.02,0.01
7218,DPS,—,—,—,—,—,—,—,—,—,—,—
7218,Div Payout,—,—,—,—,—,—,—,—,—,—,—
7218,Shares,41,41,41,41,41,41,41,41,41,41,41
7218,BVPS,0.76,0.88,1.00,1.01,1.08,1.08,0.79,0.77,0.79,0.78,0.75
7218,OCF,-2,1,1,5,1,4,1,-1,1,2,1
7218,FCF,-2,1,1,5,1,4,1,-2,—,1,—
7218,NP Margin,-15.02,-16.63,-28.06,0.23,-6.60,3.19,0.35,0.94,-2.00,2.52,2.70
7218,ROE,-7.40,-8.02,-14.32,0.13,-3.85,2.18,0.28,0.65,-1.76,2.82,1.64
7218,Revenue GR,7.90,-14.96,-14.17,-7.55,-4.10,2.61,16.37,-21.34,-21.23,87.08,-54.00
7218,Revenue GR 3Y avg,—,-12.29,-8.70,-3.10,4.62,-2.07,-10.33,5.04,-2.58,-2.64,-26.87
7218,Revenue GR 5Y avg,—,-7.86,-1.90,-3.59,-6.63,6.72,-3.34,-11.26,-8.78,-0.84,-14.37
7218,Revenue GR 10Y avg,—,-5.72,-6.49,-6.11,-3.90,-3.95,—,—,—,—,—
7218,NP GR,—,—,—,-15.27,—,—,-53.65,-26.05,—,35.75,—
7218,NP GR 3Y avg,—,—,—,—,—,10.36,-44.31,-13.63,—,—,—
7218,NP GR 5Y avg,—,—,—,—,—,—,—,—,—,—,—
7218,NP GR 10Y avg,0.0,0.0,0.0,0.0,0.0,0.0,0.0,0.0,0.0,0.0,0.0
7218,EPS GR,-128.57,—,—,—,—,827.27,-56.00,—,—,74.40,-79.77
7218,EPS GR 3Y avg,—,—,—,-16.08,—,—,-53.44,-26.32,—,35.65,—
7218,EPS GR 5Y avg,—,—,—,—,—,10.29,-44.16,-13.83,—,—,—
7218,EPS GR 10Y avg,—,—,—,—,—,—,—,—,—,—,—
7218,OCF GR,—,20.86,-85.79,345.69,-68.02,192.13,—,—,-50.95,245.13,-88.20
7218,FCF GR,—,23.43,-86.23,370.40,-69.27,307.15,—,—,-66.24,134.37,-90.94
7218,D/E,0.02,0.03,0.04,0.01,0.03,0.04,0.10,0.11,0.16,0.16,0.08
7218,Price,0.8100,0.7900,0.5400,0.8700,0.5800,0.4100,0.3650,0.4400,0.3200,0.2100,0.4500
7219,Year End,TTM,2020-03,2019-03,2018-03,2017-03,2016-03,2013-12,2012-12,2011-12,2010-12,2009-12
7219,Revenue,70,82,135,121,95,105,201,163,122,126,126
7219,NP,-16,-11,-15,-3,-26,-10,-8,-9,1,2,-7
7219,EPS,-0.02,-0.01,-0.02,—,-0.04,-0.02,-0.03,-0.03,—,0.01,-0.02
7219,DPS,—,—,—,—,—,—,—,—,—,—,—
7219,Div Payout,—,—,—,—,—,—,—,—,—,—,—
7219,Shares,"1,105",922,881,731,716,665,309,312,312,312,312
7219,BVPS,0.08,0.08,0.09,0.09,0.12,0.14,—,—,—,—,—
7219,OCF,-18,-4,5,-13,3,-22,24,14,19,18,—
7219,FCF,-19,-5,4,-16,1,-24,20,7,16,17,—
7219,NP Margin,-22.23,-13.57,-11.16,-2.41,-27.00,-9.79,-4.13,-5.66,0.95,1.76,-5.93
7219,ROE,-18.29,-15.87,-20.73,-4.15,-32.17,-11.02,-16.45,-16.38,1.93,3.81,-12.26
7219,Revenue GR,47.21,-39.09,11.46,27.48,-9.60,-25.11,23.82,33.85,-3.87,—,—
7219,Revenue GR 3Y avg,—,-4.70,8.70,-11.28,-11.88,-3.35,16.80,8.77,-4.81,—,—
7219,Revenue GR 5Y avg,—,-13.35,-2.94,-0.05,-4.46,-2.91,7.41,1.22,0.49,—,—
7219,Revenue GR 10Y avg,—,-4.67,-1.11,0.19,—,—,—,—,—,—,—
7219,NP GR,—,—,—,—,—,—,—,—,—,—,—
7219,NP GR 3Y avg,—,—,—,—,—,—,—,—,-14.01,—,—
7219,NP GR 5Y avg,—,—,—,—,—,—,—,—,—,—,—
7219,NP GR 10Y avg,0.0,0.0,0.0,0.0,0.0,0.0,0.0,0.0,0.0,0.0,0.0
7219,EPS GR,-84.62,—,—,—,—,—,—,—,-48.65,—,—
7219,EPS GR 3Y avg,—,—,—,—,—,—,—,—,—,—,—
7219,EPS GR 5Y avg,—,—,—,—,—,—,—,—,16.38,—,—
7219,EPS GR 10Y avg,—,—,—,—,—,—,—,—,—,—,—
7219,OCF GR,—,—,—,—,—,—,72.57,-28.46,5.26,—,—
7219,FCF GR,—,—,—,—,—,—,168.44,-51.96,-9.11,—,—
7219,D/E,0.16,0.17,0.22,0.28,0.21,0.11,0.15,0.24,0.34,0.50,0.69
7219,Price,0.1800,0.1800,0.1250,0.0550,0.1050,0.1350,0.0900,0.0850,0.1750,0.1100,0.1400
7221,Year End,TTM,2020-08,2019-08,2018-08,2017-08,2016-08,2015-08,2014-08,2013-08,2012-08,2011-08
7221,Revenue,148,137,160,159,146,108,98,95,112,147,182
7221,NP,4,—,1,-1,3,5,-4,-10,-4,2,6
7221,EPS,0.04,—,0.01,-0.01,0.03,0.05,-0.04,-0.10,-0.04,0.01,0.06
7221,DPS,—,—,—,—,—,—,—,—,—,—,—
7221,Div Payout,—,—,—,—,—,—,—,—,—,—,—
7221,Shares,97,97,97,97,97,97,97,97,97,97,97
7221,BVPS,1.15,1.10,1.17,0.80,0.79,0.68,0.70,0.78,0.86,0.89,0.86
7221,OCF,16,10,6,4,6,-2,3,2,8,12,27
7221,FCF,15,9,5,3,-2,-3,2,—,-1,1,20
7221,NP Margin,2.47,0.27,0.85,-0.70,2.19,4.40,-3.64,-10.40,-3.81,1.16,3.42
7221,ROE,3.32,0.34,1.24,-1.19,4.23,6.77,-5.18,-12.94,-5.01,1.96,7.67
7221,Revenue GR,9.47,-14.10,0.54,8.57,35.09,10.39,3.36,-15.44,-23.42,-19.27,20.23
7221,Revenue GR 3Y avg,—,-2.12,13.82,17.42,15.51,-1.19,-12.53,-19.45,-9.42,1.57,9.13
7221,Revenue GR 5Y avg,—,6.93,10.97,7.19,-0.04,-9.82,-8.27,-7.46,-4.28,6.96,15.00
7221,Revenue GR 10Y avg,—,-0.96,1.33,1.29,3.40,1.83,—,—,—,—,—
7221,NP GR,—,-51.28,-34.23,—,—,—,—,—,—,—,8.71
7221,NP GR 3Y avg,—,—,—,—,13.46,-5.17,—,—,—,-16.89,-8.86
7221,NP GR 5Y avg,—,-26.71,—,—,-2.89,-7.04,—,—,—,—,—
7221,NP GR 10Y avg,0.0,0.0,0.0,0.0,0.0,0.0,0.0,0.0,0.0,0.0,0.0
7221,EPS GR,208.93,-72.86,—,—,-32.72,—,—,—,—,—,-24.28
7221,EPS GR 3Y avg,—,-51.40,-34.23,—,—,—,—,—,—,—,9.07
7221,EPS GR 5Y avg,—,—,—,—,-55.03,-5.12,—,—,—,110.24,-9.45
7221,EPS GR 10Y avg,—,-26.67,—,—,-2.77,-7.31,—,—,—,—,—
7221,OCF GR,—,80.33,27.29,-23.29,—,—,51.02,-75.75,-27.63,-57.25,218.51
7221,FCF GR,—,87.09,86.59,—,—,—,—,—,—,-93.34,—
7221,D/E,0.05,0.07,0.07,0.08,0.16,0.15,0.20,0.02,0.22,0.19,0.15
7221,Price,0.6550,0.2050,0.2900,0.4100,0.5150,0.2500,0.1750,0.3000,0.2950,0.2600,0.2900
7223,Year End,TTM,2020-03,2019-03,2018-03,2017-03,2016-03,2014-12,2013-12,2012-12,2011-12,2010-12
7223,Revenue,42,47,48,56,77,97,71,75,78,87,95
7223,NP,-27,-33,—,-11,-17,6,-3,2,—,4,13
7223,EPS,-0.02,-0.03,—,-0.01,-0.02,0.01,—,—,—,—,0.01
7223,DPS,—,—,—,—,—,—,—,—,—,—,—
7223,Div Payout,—,—,—,—,—,—,—,—,—,—,—
7223,Shares,"1,040","1,014",942,942,942,894,942,942,942,"1,010",971
7223,BVPS,0.11,0.13,0.13,0.14,0.17,0.16,—,—,—,—,—
7223,OCF,11,-9,-12,-6,8,12,4,11,8,12,7
7223,FCF,3,-10,-13,-8,6,7,-1,2,-9,-2,-26
7223,NP Margin,-64.53,-69.74,0.96,-19.10,-22.34,5.94,-4.07,2.69,-0.14,4.71,13.98
7223,ROE,-21.89,-28.05,0.37,-8.05,-11.84,3.81,-2.15,1.65,-0.09,3.44,12.80
7223,Revenue GR,19.95,-1.11,-14.27,-27.56,-20.40,27.38,-5.15,-3.04,-10.37,-8.52,—
7223,Revenue GR 3Y avg,—,-15.00,-20.93,-7.35,0.66,6.96,-6.24,-7.36,-3.29,11.09,—
7223,Revenue GR 5Y avg,—,-7.57,-8.30,-6.13,-2.24,0.38,-3.61,3.57,6.51,9.61,—
7223,Revenue GR 10Y avg,—,-5.66,-2.69,-0.16,3.37,—,—,—,—,—,—
7223,NP GR,—,—,-56.93,—,—,—,—,-46.54,—,-12.68,—
7223,NP GR 3Y avg,—,—,-24.63,—,—,-14.72,—,-19.88,—,-18.18,—
7223,NP GR 5Y avg,—,—,-22.34,—,—,—,—,—,—,—,—
7223,NP GR 10Y avg,0.0,0.0,0.0,0.0,0.0,0.0,0.0,0.0,0.0,0.0,0.0
7223,EPS GR,-80.95,—,—,—,—,—,—,—,—,-70.37,—
7223,EPS GR 3Y avg,—,—,-57.25,—,—,—,—,-45.99,—,-19.02,—
7223,EPS GR 5Y avg,—,—,-24.25,—,—,-13.42,—,-22.35,—,-23.13,—
7223,EPS GR 10Y avg,—,—,-23.32,—,—,—,—,—,—,—,—
7223,OCF GR,—,—,—,—,-29.95,142.07,-64.72,43.70,-37.70,78.97,—
7223,FCF GR,—,—,—,—,-11.39,—,—,—,—,—,—
7223,D/E,0.17,0.12,—,—,—,—,—,0.03,0.07,0.04,0.04
7223,Price,0.1200,0.1200,0.0350,0.0350,0.0550,0.0700,0.1050,0.1150,0.1000,0.1100,0.1700
7226,Year End,TTM,2020-12,2019-12,2018-12,2016-09,2015-09,2014-09,2013-09,2012-09,2011-09,2010-09
7226,Revenue,12,12,13,15,39,38,39,30,24,29,30
7226,NP,-2,-1,2,-3,-1,-1,—,1,4,1,—
7226,EPS,-0.02,-0.02,0.02,-0.04,-0.02,-0.01,—,0.02,—,0.01,—
7226,DPS,—,—,—,—,—,—,—,0.03,—,—,—
7226,Div Payout,—,—,—,—,—,—,—,—,—,—,—
7226,Shares,84,84,84,84,84,84,84,84,84,84,84
7226,BVPS,0.66,0.67,0.65,0.68,—,—,—,—,—,—,—
7226,OCF,-1,-1,-1,-1,-2,3,-1,8,—,1,—
7226,FCF,-1,-1,-1,-1,-2,3,-1,8,—,1,—
7226,NP Margin,-15.62,-11.78,14.43,-20.10,-3.74,-1.49,-0.90,4.72,14.99,3.82,0.59
7226,ROE,-3.38,-2.52,3.39,-5.42,-2.65,-1.02,-0.63,2.52,7.07,2.41,0.39
7226,Revenue GR,3.52,-8.78,-13.70,-33.54,1.49,-2.55,29.45,24.65,-15.32,-3.73,—
7226,Revenue GR 3Y avg,—,-23.85,-21.92,-19.66,8.59,16.28,10.96,0.53,3.67,-0.05,—
7226,Revenue GR 5Y avg,—,-17.06,-12.29,-6.98,6.21,5.09,12.45,1.06,-18.21,-14.58,—
7226,Revenue GR 10Y avg,—,-5.05,-6.59,-12.14,-4.75,—,—,—,—,—,—
7226,NP GR,—,—,—,—,—,—,—,100.69,166.47,—,—
7226,NP GR 3Y avg,—,—,4.88,—,—,—,—,—,—,—,—
7226,NP GR 5Y avg,—,—,—,—,—,—,—,—,—,—,—
7226,NP GR 10Y avg,0.0,0.0,0.0,0.0,0.0,0.0,0.0,0.0,0.0,0.0,0.0
7226,EPS GR,—,—,—,—,—,—,—,-60.88,232.33,519.89,—
7226,EPS GR 3Y avg,—,—,—,—,—,—,—,100.49,166.40,—,—
7226,EPS GR 5Y avg,—,—,4.90,—,—,—,—,—,—,—,—
7226,EPS GR 10Y avg,—,—,—,—,—,—,—,—,—,—,—
7226,OCF GR,—,—,—,—,—,—,—,—,-77.55,842.37,—
7226,FCF GR,—,—,—,—,—,—,—,—,-84.25,—,—
7226,D/E,—,0.01,0.01,—,0.01,0.01,0.02,0.02,—,—,—
7226,Price,0.5300,0.5550,0.5200,0.7950,0.3200,0.3600,0.4050,0.2800,0.4000,0.3200,0.2400
7228,Year End,TTM,2020-12,2019-12,2018-12,2017-12,2016-12,2015-12,2014-12,2013-12,2012-12,2011-12
7228,Revenue,190,187,230,206,204,83,60,107,328,264,459
7228,NP,9,8,8,7,2,4,-76,1,11,-12,-24
7228,EPS,0.01,0.01,0.02,0.02,—,0.01,-0.20,—,0.03,-0.04,-0.19
7228,DPS,—,—,0.01,—,—,—,—,—,—,—,—
7228,Div Payout,—,—,67.1,—,—,—,—,—,—,—,—
7228,Shares,"1,001",972,461,416,383,379,378,369,317,290,290
7228,BVPS,0.35,0.37,0.35,0.35,0.30,0.30,0.38,0.51,0.51,0.53,1.26
7228,OCF,6,74,-33,-59,27,-10,-3,-25,4,156,110
7228,FCF,-94,-24,-45,-85,12,-13,-4,-25,3,104,3
7228,NP Margin,4.98,4.24,3.36,3.41,0.92,5.19,-127.31,0.99,3.33,-4.39,-5.12
7228,ROE,4.70,4.43,4.80,5.00,1.45,3.53,-48.73,0.57,6.39,-4.89,-6.87
7228,Revenue GR,7.08,-18.79,11.87,0.64,146.01,38.65,-44.20,-67.25,24.30,-42.60,-15.20
7228,Revenue GR 3Y avg,—,-2.94,40.44,50.85,23.93,-36.72,-38.99,-38.41,-15.42,-25.96,-7.17
7228,Revenue GR 5Y avg,—,25.54,16.47,-8.91,-4.98,-28.97,-35.63,-30.24,-10.61,-9.01,9.40
7228,Revenue GR 10Y avg,—,-10.10,-9.86,-9.76,-7.02,-11.85,—,—,—,—,—
7228,NP GR,—,61.37,21.47,—,21.09,-26.62,—,—,16.99,—,—
7228,NP GR 3Y avg,—,—,48.75,-8.45,—,—,—,-19.18,-19.05,—,—
7228,NP GR 5Y avg,—,1.51,9.65,-13.91,-22.17,-13.45,—,—,—,—,—
7228,NP GR 10Y avg,0.0,0.0,0.0,0.0,0.0,0.0,0.0,0.0,0.0,0.0,0.0
7228,EPS GR,56.52,-51.79,-0.59,244.90,-52.88,—,—,-91.84,—,—,—
7228,EPS GR 3Y avg,—,18.24,17.33,—,20.51,-32.82,—,—,12.48,—,—
7228,EPS GR 5Y avg,—,—,43.10,-13.20,—,—,—,-25.62,-23.81,—,—
7228,EPS GR 10Y avg,—,-10.33,3.17,-18.68,-26.39,-21.40,—,—,—,—,—
7228,OCF GR,—,—,—,—,—,—,—,—,-97.52,42.37,43.72
7228,FCF GR,—,—,—,—,—,—,—,—,-97.44,—,-93.45
7228,D/E,0.58,0.73,0.10,0.11,0.06,0.02,0.02,0.02,0.02,0.01,1.34
7228,Price,0.3950,0.4350,0.4550,0.3200,0.4100,0.3300,0.3400,0.3600,0.6300,0.4000,0.7600
7234,Year End,TTM,2020-06,2018-03,2017-03,2016-03,2015-03,2014-03,2013-03,2012-03,2011-03,2010-03
7234,Revenue,119,148,140,135,107,87,91,88,71,73,92
7234,NP,-23,-27,-6,-3,1,1,15,13,1,8,1
7234,EPS,-0.27,-0.31,-0.08,-0.04,0.02,0.02,0.24,0.20,0.02,0.12,0.01
7234,DPS,—,—,—,—,—,—,—,—,—,—,—
7234,Div Payout,—,—,—,—,—,—,—,—,—,—,—
7234,Shares,107,87,72,63,63,63,63,63,63,63,63
7234,BVPS,0.71,1.05,—,—,—,—,—,—,—,—,—
7234,OCF,25,15,-4,1,-11,4,-1,-6,5,14,—
7234,FCF,25,14,-6,-1,-13,1,-2,-9,3,12,—
7234,NP Margin,-19.41,-18.11,-4.32,-1.94,1.25,1.44,16.65,14.33,1.88,10.79,0.86
7234,ROE,-26.88,-33.23,-7.29,-3.18,1.60,1.52,20.60,21.07,2.53,16.16,1.79
7234,Revenue GR,-17.03,2.43,3.56,26.28,23.53,-5.00,3.68,23.47,-1.71,—,—
7234,Revenue GR 3Y avg,—,7.88,17.34,14.01,6.76,6.74,7.96,-1.48,—,—,—
7234,Revenue GR 5Y avg,—,8.02,9.73,13.66,8.11,-1.19,—,-5.12,—,—,—
7234,Revenue GR 10Y avg,—,1.12,1.21,—,—,—,—,—,—,—,—
7234,NP GR,—,—,—,—,-52.70,-2.29,24.76,151.59,—,—,—
7234,NP GR 3Y avg,—,—,—,—,-29.79,9.56,—,—,—,—,—
7234,NP GR 5Y avg,—,—,—,—,—,—,—,—,—,—,—
7234,NP GR 10Y avg,0.0,0.0,0.0,0.0,0.0,0.0,0.0,0.0,0.0,0.0,0.0
7234,EPS GR,-101.39,—,—,—,6.71,-91.76,20.60,840.44,-82.88,—,—
7234,EPS GR 3Y avg,—,—,—,—,-52.67,-2.24,24.76,151.76,—,—,—
7234,EPS GR 5Y avg,—,—,—,—,-29.78,9.65,—,—,—,—,—
7234,EPS GR 10Y avg,—,—,—,—,—,—,—,—,—,—,—
7234,OCF GR,—,—,—,—,—,—,—,—,-66.28,—,—
7234,FCF GR,—,—,—,—,—,—,—,—,-73.66,—,—
7234,D/E,0.02,0.03,0.06,0.05,0.05,0.01,0.02,0.06,0.10,0.17,0.33
7234,Price,0.5250,0.2250,0.2800,0.2900,0.3900,0.6500,0.7400,0.7900,0.8300,0.4800,0.3500
7239,Year End,TTM,2020-06,2019-06,2018-06,2017-06,2016-06,2015-06,2014-03,2013-03,2012-03,2011-03
7239,Revenue,36,31,49,63,62,53,64,44,37,37,42
7239,NP,-2,1,-6,1,-2,-2,-5,-2,-2,-1,1
7239,EPS,-0.02,0.01,-0.05,—,0.02,-0.02,-0.06,-0.02,-0.03,-0.01,0.02
7239,DPS,—,—,—,—,—,—,—,—,—,0.02,0.03
7239,Div Payout,—,—,—,—,—,—,—,—,—,—,—
7239,Shares,105,98,95,90,87,87,80,75,76,76,79
7239,BVPS,0.35,0.36,0.36,0.47,0.43,0.49,0.49,—,—,—,—
7239,OCF,5,—,2,7,-3,6,-3,3,2,—,4
7239,FCF,4,-1,—,4,-9,4,-3,3,—,-7,3
7239,NP Margin,-4.44,2.01,-11.56,0.85,-3.37,-3.85,-7.15,-3.44,-5.96,-2.51,3.54
7239,ROE,-4.33,1.70,-14.20,1.27,-5.16,-4.89,-11.16,-3.65,-5.08,-2.06,3.17
7239,Revenue GR,44.96,-36.56,-22.31,0.48,16.98,-17.06,36.47,18.63,-0.52,-11.38,—
7239,Revenue GR 3Y avg,—,-20.88,-2.98,-0.84,11.64,12.13,18.59,1.51,-2.24,—,—
7239,Revenue GR 5Y avg,—,-13.63,2.13,10.70,10.49,4.80,9.81,3.37,-2.75,3.29,—
7239,Revenue GR 10Y avg,—,-2.33,2.73,3.92,6.91,—,—,—,—,—,—
7239,NP GR,—,—,—,—,—,—,—,—,—,—,—
7239,NP GR 3Y avg,—,—,—,—,—,—,—,—,—,—,—
7239,NP GR 5Y avg,—,-12.71,—,-22.52,—,—,—,—,—,—,—
7239,NP GR 10Y avg,0.0,0.0,0.0,0.0,0.0,0.0,0.0,0.0,0.0,0.0,0.0
7239,EPS GR,-126.95,—,—,—,—,—,—,—,—,—,—
7239,EPS GR 3Y avg,—,—,—,—,—,—,—,—,—,—,—
7239,EPS GR 5Y avg,—,—,—,—,—,—,—,—,—,—,—
7239,EPS GR 10Y avg,—,-14.38,—,-24.03,—,—,—,—,—,—,—
7239,OCF GR,—,-82.10,-77.13,—,—,—,—,63.21,—,—,—
7239,FCF GR,—,—,—,—,—,—,—,676.20,—,—,—
7239,D/E,0.14,0.18,0.20,0.27,0.39,0.14,0.13,0.19,0.14,0.03,—
7239,Price,0.2250,0.2200,0.1450,0.2500,0.2900,0.2950,0.4250,0.4400,0.3450,0.3400,0.4500
7240,Year End,TTM,2020-03,2017-12,2016-12,2015-12,2014-12,2013-12,2012-12,2011-12,2010-12,2009-12
7240,Revenue,49,62,120,169,161,173,182,183,183,165,150
7240,NP,-24,-24,-5,1,-4,-1,—,4,7,8,5
7240,EPS,-0.12,-0.13,-0.03,0.01,-0.03,-0.01,—,0.03,0.06,0.06,0.04
7240,DPS,—,—,—,—,—,—,—,—,0.01,0.01,0.03
7240,Div Payout,—,—,—,—,—,—,—,—,—,—,—
7240,Shares,233,189,202,192,132,120,120,120,120,120,120
7240,BVPS,0.38,0.62,—,—,—,—,—,—,—,—,—
7240,OCF,-35,-29,1,7,4,19,3,2,6,4,—
7240,FCF,-33,-30,-5,2,2,12,-2,-5,-2,-3,—
7240,NP Margin,-48.61,-39.42,-4.01,0.40,-2.61,-0.73,0.15,2.12,4.05,4.66,3.41
7240,ROE,-21.79,-21.42,-5.30,0.76,-4.78,-1.44,0.31,4.49,9.08,10.19,7.18
7240,Revenue GR,20.78,-25.44,-28.78,4.95,-6.88,-4.98,-0.77,0.06,10.87,—,—
7240,Revenue GR 3Y avg,—,-20.05,-11.38,-2.44,-4.25,-1.92,3.26,6.97,7.01,—,—
7240,Revenue GR 5Y avg,—,-15.78,-8.08,-1.61,-0.53,2.91,4.00,28.80,—,—,—
7240,Revenue GR 10Y avg,—,-7.50,8.81,—,—,—,—,—,—,—,—
7240,NP GR,—,—,—,35.57,—,—,-67.23,-8.73,-9.04,—,—
7240,NP GR 3Y avg,—,—,—,-38.10,—,—,-51.28,-17.94,—,—,—
7240,NP GR 5Y avg,—,—,—,—,—,—,—,—,—,—,—
7240,NP GR 10Y avg,0.0,0.0,0.0,0.0,0.0,0.0,0.0,0.0,0.0,0.0,0.0
7240,EPS GR,39.64,—,—,—,—,—,-92.90,-47.63,-3.55,—,—
7240,EPS GR 3Y avg,—,—,—,30.40,—,—,-67.02,-8.71,-9.04,—,—
7240,EPS GR 5Y avg,—,—,—,-39.30,—,—,-51.09,-34.73,—,—,—
7240,EPS GR 10Y avg,—,—,—,—,—,—,—,—,—,—,—
7240,OCF GR,—,—,-84.94,60.82,-77.49,600.84,10.50,-55.87,35.83,—,—
7240,FCF GR,—,—,—,41.92,-86.95,—,—,—,—,—,—
7240,D/E,0.03,0.04,—,0.01,0.01,0.03,0.04,0.07,0.10,0.06,0.07
7240,Price,0.2450,0.2450,0.2400,0.8950,0.8300,1.0900,0.6500,0.7300,0.4200,0.4900,0.4300
7241,Year End,TTM,2020-12,2018-06,2017-06,2016-06,2015-06,2014-06,2013-06,2012-06,2011-06,2010-06
7241,Revenue,33,32,30,25,28,32,66,65,46,46,49
7241,NP,3,4,-2,-10,-3,3,10,7,4,5,5
7241,EPS,0.01,0.01,—,-0.02,-0.01,0.01,0.03,0.02,0.01,0.02,0.02
7241,DPS,—,—,—,—,—,0.01,0.01,0.01,0.01,0.01,0.01
7241,Div Payout,—,—,—,—,—,—,—,—,—,—,—
7241,Shares,684,546,434,420,376,345,331,312,312,312,317
7241,BVPS,0.25,0.22,—,—,—,—,—,—,—,—,—
7241,OCF,-34,-19,—,-7,-6,7,9,-2,2,9,—
7241,FCF,-53,-38,-1,-26,-46,-10,7,-2,2,8,—
7241,NP Margin,9.82,13.10,-5.93,-39.92,-11.11,8.80,15.50,11.13,9.36,11.50,11.07
7241,ROE,2.28,3.54,-1.51,-8.80,-3.22,3.54,14.55,11.48,7.28,9.32,9.89
7241,Revenue GR,15.30,3.17,18.44,-11.16,-10.40,-51.72,0.75,40.39,0.54,—,—
7241,Revenue GR 3Y avg,—,2.91,-1.94,-27.29,-24.18,-11.94,12.45,10.03,-4.67,—,—
7241,Revenue GR 5Y avg,—,-10.32,-14.44,-11.48,-9.26,-8.31,4.15,13.00,4.83,—,—
7241,Revenue GR 10Y avg,—,-4.30,-1.67,-3.67,—,—,—,—,—,—,—
7241,NP GR,—,—,—,—,—,-13.71,24.23,10.22,-13.07,—,—
7241,NP GR 3Y avg,—,-12.60,—,—,—,-12.43,9.01,3.20,-1.66,—,—
7241,NP GR 5Y avg,—,-3.80,—,—,—,—,—,—,—,—,—
7241,NP GR 10Y avg,0.0,0.0,0.0,0.0,0.0,0.0,0.0,0.0,0.0,0.0,0.0
7241,EPS GR,-76.92,—,—,—,—,-74.22,40.30,67.50,-18.37,—,—
7241,EPS GR 3Y avg,—,—,—,—,—,-15.39,24.25,10.84,-10.65,—,—
7241,EPS GR 5Y avg,—,-19.89,—,—,—,-13.21,10.89,0.02,-12.03,—,—
7241,EPS GR 10Y avg,—,-7.74,—,—,—,—,—,—,—,—,—
7241,OCF GR,—,—,—,—,—,-20.09,—,—,-75.45,—,—
7241,FCF GR,—,—,—,—,—,—,—,—,-82.07,—,—
7241,D/E,0.05,0.06,0.04,0.05,0.06,0.09,—,0.01,0.02,0.02,0.02
7241,Price,0.5050,0.4000,0.4000,0.3850,0.4300,0.3500,0.3950,0.4100,0.5800,1.9000,0.7800
7243,Year End,TTM,2018-06,2017-06,2016-06,2014-12,2012-06,2011-06,2010-06,2009-06,2008-06,2007-06
7243,Revenue,6,6,9,11,5,8,14,16,22,39,—
7243,NP,-8,-8,-11,-7,-20,-9,7,-10,-30,12,—
7243,EPS,-0.10,-0.10,-0.17,-0.14,-0.42,-0.46,0.36,-0.49,-1.48,0.70,—
7243,DPS,—,—,—,—,—,—,—,—,0.10,—,—
7243,Div Payout,—,—,—,—,—,—,—,—,—,—,—
7243,Shares,80,80,66,50,47,20,20,20,20,18,—
7243,BVPS,0.42,0.34,0.37,0.54,—,0.83,1.12,—,—,—,—
7243,OCF,-2,-2,-15,-5,-7,—,-4,-1,-5,-7,—
7243,FCF,-2,-2,-18,-5,-8,—,-4,-1,-6,-9,—
7243,NP Margin,-141.63,-141.63,-119.98,-63.95,-396.67,-118.39,51.42,-60.74,-132.21,32.32,—
7243,ROE,-30.81,-30.81,-40.53,-25.36,-53.09,-51.63,39.90,-51.77,-75.02,22.57,—
7243,Revenue GR,-94.10,-38.69,-14.36,63.83,-15.70,-44.89,—,—,—,—,—
7243,Revenue GR 3Y avg,—,2.77,3.19,-5.51,-22.54,-29.72,—,—,—,—,—
7243,Revenue GR 5Y avg,—,-12.41,3.19,-5.52,-26.80,—,—,—,—,—,—
7243,Revenue GR 10Y avg,—,-17.59,—,—,—,—,—,—,—,—,—
7243,NP GR,—,—,—,—,—,—,—,—,—,—,—
7243,NP GR 3Y avg,—,—,—,—,—,—,—,—,—,—,—
7243,NP GR 5Y avg,—,—,—,—,—,—,—,—,—,—,—
7243,NP GR 10Y avg,0.0,0.0,0.0,0.0,0.0,0.0,0.0,0.0,0.0,0.0,0.0
7243,EPS GR,-209.41,—,—,—,—,—,—,—,—,—,—
7243,EPS GR 3Y avg,—,—,—,—,—,—,—,—,—,—,—
7243,EPS GR 5Y avg,—,—,—,—,—,—,—,—,—,—,—
7243,EPS GR 10Y avg,—,—,—,—,—,—,—,—,—,—,—
7243,OCF GR,—,—,—,—,—,—,—,—,—,—,—
7243,FCF GR,—,—,—,—,—,—,—,—,—,—,—
7243,D/E,1.94,—,—,—,—,—,0.66,3.64,1.83,0.77,—
7243,Price,0.0800,0.1000,0.0200,0.0400,0.0350,0.0500,0.1000,0.0450,0.0750,0.0800,0.1850
7245,Year End,TTM,2019-08,2018-08,2017-08,2016-08,2015-08,2014-08,2013-04,2012-04,2011-04,2010-04
7245,Revenue,249,388,513,560,466,351,160,87,85,73,75
7245,NP,-89,-96,-90,25,23,21,12,3,1,1,2
7245,EPS,-0.19,-0.21,-0.19,0.05,0.04,0.04,0.06,0.02,—,0.01,0.01
7245,DPS,—,—,0.01,0.01,0.01,—,—,—,—,0.01,—
7245,Div Payout,—,—,—,—,—,—,—,—,—,—,—
7245,Shares,500,465,526,538,526,481,199,171,172,172,173
7245,BVPS,0.12,—,—,—,—,—,—,—,—,—,—
7245,OCF,32,—,-49,-40,17,2,-4,7,-7,4,18
7245,FCF,31,-1,-53,-52,2,-20,-12,-1,-7,3,13
7245,NP Margin,-35.77,-24.76,-17.48,4.53,4.95,5.90,7.28,3.12,0.95,1.65,2.99
7245,ROE,-56.35,-51.60,-31.63,8.10,8.50,10.67,8.28,3.81,1.20,1.91,3.61
7245,Revenue GR,-3.31,-24.23,-8.53,20.29,32.59,119.11,58.11,2.65,15.55,—,—
7245,Revenue GR 3Y avg,—,-5.89,13.41,51.75,65.32,53.18,26.43,5.06,-2.67,—,—
7245,Revenue GR 5Y avg,—,19.35,39.42,42.46,41.37,33.55,11.00,9.33,—,—,—
7245,Revenue GR 10Y avg,—,14.96,23.95,—,—,—,—,—,—,—,—
7245,NP GR,—,—,—,29.57,89.83,165.09,97.30,6.54,-22.49,—,—
7245,NP GR 3Y avg,—,—,—,91.06,73.71,51.65,43.15,-19.99,—,—,—
7245,NP GR 5Y avg,—,—,—,—,—,—,—,—,—,—,—
7245,NP GR 10Y avg,0.0,0.0,0.0,0.0,0.0,0.0,0.0,0.0,0.0,0.0,0.0
7245,EPS GR,-110.10,—,—,7.69,-0.71,-24.55,166.32,238.27,-33.06,—,—
7245,EPS GR 3Y avg,—,—,—,-6.90,35.75,96.06,89.05,6.95,-22.20,—,—
7245,EPS GR 5Y avg,—,—,—,54.23,41.07,25.89,39.44,-22.32,—,—,—
7245,EPS GR 10Y avg,—,—,—,—,—,—,—,—,—,—,—
7245,OCF GR,—,—,—,—,763.26,—,—,—,—,—,—
7245,FCF GR,—,—,—,—,—,—,—,—,—,—,—
7245,D/E,0.11,0.10,0.05,0.05,0.05,0.05,0.05,0.05,0.04,0.07,0.07
7245,Price,0.2100,0.2150,0.2150,0.2100,0.3150,1.0900,1.0400,1.2300,2.2400,0.3000,0.2800
7246,Year End,TTM,2020-06,2019-06,2018-06,2017-06,2016-06,2015-06,2014-06,2013-06,2012-06,2011-06
7246,Revenue,125,107,161,226,205,197,273,179,121,97,116
7246,NP,-1,-7,2,7,20,48,34,19,5,5,7
7246,EPS,—,-0.03,0.01,0.03,0.08,0.19,0.13,0.08,0.02,0.02,0.03
7246,DPS,—,0.01,0.01,0.02,0.02,0.03,0.04,0.01,0.01,0.01,0.02
7246,Div Payout,—,166.7,—,29.4,11.1,70.9,14.1,22.7,48.4,71.4,—
7246,Shares,261,239,235,238,243,248,250,247,249,249,249
7246,BVPS,0.62,0.66,0.73,0.75,0.68,0.61,0.62,0.45,0.43,0.39,—
7246,OCF,-8,-3,35,17,-2,23,22,5,10,17,11
7246,FCF,-9,-5,34,14,-25,22,18,4,8,—,3
7246,NP Margin,-0.43,-6.13,1.41,2.96,9.93,24.29,12.28,10.76,3.79,5.51,5.77
7246,ROE,-0.31,-3.89,1.33,3.89,12.27,31.29,25.31,17.16,4.47,5.50,7.26
7246,Revenue GR,46.82,-33.27,-28.82,10.09,4.33,-28.05,53.01,47.91,24.89,-16.67,—
7246,Revenue GR 3Y avg,—,-19.43,-6.49,-6.16,4.72,17.64,41.39,15.46,-4.41,-15.15,—
7246,Revenue GR 5Y avg,—,-17.06,-2.08,13.34,16.23,11.13,14.60,2.44,1.86,—,—
7246,Revenue GR 10Y avg,—,-2.51,0.15,7.45,—,—,—,—,—,—,—
7246,NP GR,—,—,-63.81,-41.62,1.99,118.54,84.70,42.12,-32.71,-35.53,—
7246,NP GR 3Y avg,—,—,-34.80,7.86,30.77,48.15,17.46,-0.68,-21.24,—,—
7246,NP GR 5Y avg,—,—,-19.53,-7.83,—,—,—,—,—,—,—
7246,NP GR 10Y avg,0.0,0.0,0.0,0.0,0.0,0.0,0.0,0.0,0.0,0.0,0.0
7246,EPS GR,—,—,-65.52,-66.67,-56.72,43.57,73.23,325.37,-13.64,-21.43,—
7246,EPS GR 3Y avg,—,—,-63.22,-40.83,2.49,119.52,85.31,42.38,-41.31,-43.88,—
7246,EPS GR 5Y avg,—,—,-34.16,8.83,31.65,48.32,8.29,-8.28,-29.55,—,—
7246,EPS GR 10Y avg,—,—,-22.29,-12.44,—,—,—,—,—,—,—
7246,OCF GR,—,—,108.88,—,—,4.69,319.46,-46.34,-41.14,59.26,—
7246,FCF GR,—,—,148.58,—,—,19.23,382.29,-54.10,—,-92.81,—
7246,D/E,0.19,0.23,0.24,0.28,0.32,0.13,0.14,0.15,0.18,0.19,0.11
7246,Price,1.0900,0.3950,0.4400,0.5500,0.9100,0.9800,2.6100,1.5000,0.7350,0.6800,0.7900
7250,Year End,TTM,2020-06,2019-06,2016-12,2015-12,2014-12,2013-12,2012-12,2011-12,2010-12,2009-12
7250,Revenue,431,552,446,471,511,473,406,289,193,116,99
7250,NP,-28,-23,28,39,5,36,33,22,12,-2,-12
7250,EPS,-0.09,-0.07,0.09,0.14,0.02,0.18,0.14,0.10,0.06,-0.01,0.06
7250,DPS,—,—,—,—,—,0.04,0.01,—,—,—,0.01
7250,Div Payout,—,—,—,—,—,—,—,—,—,—,—
7250,Shares,320,320,320,291,278,193,235,232,214,214,214
7250,BVPS,1.42,1.50,1.54,—,—,—,—,—,—,—,—
7250,OCF,137,161,12,15,42,30,5,21,8,7,—
7250,FCF,69,94,-344,-183,-191,-50,-6,12,-3,1,—
7250,NP Margin,-6.52,-4.14,6.33,8.35,1.03,7.61,8.15,7.67,6.26,-1.76,-12.10
7250,ROE,-6.02,-4.85,5.98,10.37,1.72,18.80,29.19,28.07,22.36,-4.19,-20.99
7250,Revenue GR,-24.02,23.73,-2.12,-7.78,7.89,16.64,40.33,50.21,65.86,—,—
7250,Revenue GR 3Y avg,—,1.76,-1.29,5.09,20.87,34.97,51.77,43.04,12.68,—,—
7250,Revenue GR 5Y avg,—,4.86,6.91,19.59,34.49,36.80,24.70,17.68,—,—,—
7250,Revenue GR 10Y avg,—,13.06,11.46,—,—,—,—,—,—,—,—
7250,NP GR,—,—,-5.23,5.95,-38.10,43.99,—,—,5.50,—,—
7250,NP GR 3Y avg,—,—,3.81,26.67,—,—,26.34,21.91,—,—,—
7250,NP GR 5Y avg,—,—,11.32,—,—,—,—,—,—,—,—
7250,NP GR 10Y avg,0.0,0.0,0.0,0.0,0.0,0.0,0.0,0.0,0.0,0.0,0.0
7250,EPS GR,33.53,—,-15.65,615.34,-89.84,32.72,46.20,70.12,—,—,—
7250,EPS GR 3Y avg,—,—,-15.24,-1.19,-41.80,48.89,—,19.72,0.99,—,—
7250,EPS GR 5Y avg,—,—,-1.24,19.13,—,27.20,20.70,14.06,—,—,—
7250,EPS GR 10Y avg,—,—,5.14,—,—,—,—,—,—,—,—
7250,OCF GR,—,—,-9.57,-63.62,38.31,504.07,-76.44,151.66,26.55,—,—
7250,FCF GR,—,—,—,—,—,—,—,—,—,—,—
7250,D/E,0.78,0.85,0.83,0.81,0.29,0.12,0.12,0.14,0.22,0.17,0.13
7250,Price,0.7300,0.5900,0.6950,1.0800,1.6000,1.7000,2.0000,1.7200,4.9500,1.5000,1.1300
7251,Year End,TTM,2020-06,2017-12,2016-12,2015-12,2013-09,2012-12,2011-12,2010-12,2009-12,2008-12
7251,Revenue,159,221,311,623,593,299,1,1,—,190,128
7251,NP,-6,25,-217,15,19,41,—,-80,-18,-53,18
7251,EPS,-0.01,0.03,-0.26,0.02,0.02,0.08,—,-0.84,-0.09,-0.26,0.15
7251,DPS,—,—,—,—,0.02,—,—,—,—,0.01,—
7251,Div Payout,—,—,—,—,—,—,—,—,—,—,—
7251,Shares,836,836,826,851,823,494,206,206,206,206,114
7251,BVPS,-0.19,-0.21,—,—,—,—,—,—,—,—,—
7251,OCF,39,19,-72,69,40,15,—,-1,5,—,—
7251,FCF,39,19,-75,42,19,11,—,-1,4,—,—
7251,NP Margin,-3.67,11.32,-69.69,2.33,3.18,13.76,-0.69,—,—,-28.05,13.72
7251,ROE,—,—,-69.13,3.95,5.67,48.19,—,-340.82,-40.27,-78.59,18.46
7251,Revenue GR,51.88,-12.77,-50.06,5.07,35.51,—,—,—,—,—,—
7251,Revenue GR 3Y avg,—,-19.67,0.93,462.44,885.46,—,-85.17,-83.09,—,—,—
7251,Revenue GR 5Y avg,—,118.92,246.87,298.54,—,19.54,—,—,—,—,—
7251,Revenue GR 10Y avg,—,—,—,—,—,—,—,—,—,—,—
7251,NP GR,—,6.50,—,—,—,—,—,—,—,—,—
7251,NP GR 3Y avg,—,—,—,—,—,19.62,—,—,—,—,—
7251,NP GR 5Y avg,—,—,—,—,—,—,—,—,—,—,—
7251,NP GR 10Y avg,0.0,0.0,0.0,0.0,0.0,0.0,0.0,0.0,0.0,0.0,0.0
7251,EPS GR,-117.62,—,—,-25.33,-43.64,—,—,—,—,—,—
7251,EPS GR 3Y avg,—,6.10,—,—,—,—,—,—,—,—,—
7251,EPS GR 5Y avg,—,—,—,—,—,-12.06,—,—,—,—,—
7251,EPS GR 10Y avg,—,—,—,—,—,—,—,—,—,—,—
7251,OCF GR,—,—,—,71.35,53.55,—,—,—,—,—,—
7251,FCF GR,—,—,—,120.33,26.18,—,—,—,—,—,—
7251,D/E,—,—,0.84,0.40,0.61,1.20,—,—,—,0.13,—
7251,Price,0.1100,0.0350,0.0500,0.1300,0.2900,0.6700,0.8900,0.7950,0.0200,0.0200,0.0200
7253,Year End,TTM,2020-06,2017-12,2016-12,2015-12,2014-12,2013-12,2012-12,2011-12,2010-12,2009-12
7253,Revenue,76,99,64,83,115,124,101,98,84,99,49
7253,NP,-17,-23,-2,-14,6,6,2,3,3,16,10
7253,EPS,-0.08,-0.11,-0.02,-0.08,0.03,0.04,0.01,0.02,0.02,0.17,0.18
7253,DPS,—,—,—,—,—,—,—,0.02,0.03,0.02,—
7253,Div Payout,—,—,—,—,—,—,—,—,—,—,—
7253,Shares,214,213,160,160,160,160,160,160,141,90,55
7253,BVPS,0.30,0.39,—,—,—,—,—,—,—,—,—
7253,OCF,-8,-12,-10,20,3,14,9,2,10,11,—
7253,FCF,11,-15,-10,18,-2,5,1,-19,-7,6,—
7253,NP Margin,-22.11,-23.51,-3.82,-16.27,4.85,5.08,1.96,3.01,3.67,15.81,20.47
7253,ROE,-21.65,-31.91,-2.49,-12.81,5.07,6.06,1.98,2.97,3.62,24.61,17.72
7253,Revenue GR,-9.33,19.42,-23.43,-27.49,-7.44,22.92,3.25,16.83,-15.45,—,—
7253,Revenue GR 3Y avg,—,-3.17,-19.90,-6.21,5.51,14.03,0.66,25.85,—,—,—
7253,Revenue GR 5Y avg,—,-0.25,-8.19,-0.10,3.02,20.39,—,—,—,—,—
7253,Revenue GR 10Y avg,—,—,—,—,—,—,—,—,—,—,—
7253,NP GR,—,—,—,—,23.73,27.06,-49.82,-33.60,—,—,—
7253,NP GR 3Y avg,—,—,—,—,-18.68,-8.90,—,—,—,—,—
7253,NP GR 5Y avg,—,—,—,—,—,—,—,—,—,—,—
7253,NP GR 10Y avg,0.0,0.0,0.0,0.0,0.0,0.0,0.0,0.0,0.0,0.0,0.0
7253,EPS GR,-86.80,—,—,—,-11.70,219.51,-31.67,-17.05,-87.50,—,—
7253,EPS GR 3Y avg,—,—,—,—,24.46,21.89,-58.62,-53.75,—,—,—
7253,EPS GR 5Y avg,—,—,—,—,-27.53,-26.40,—,—,—,—,—
7253,EPS GR 10Y avg,—,—,—,—,—,—,—,—,—,—,—
7253,OCF GR,—,—,—,472.10,-76.24,58.91,274.94,-74.76,-15.41,—,—
7253,FCF GR,—,—,—,—,—,512.09,—,—,—,—,—
7253,D/E,0.02,0.02,—,0.02,0.05,0.09,0.17,0.25,0.33,0.27,0.30
7253,Price,0.2300,0.2000,0.4100,0.4350,0.2300,0.2200,0.3500,0.3400,0.4500,0.3800,0.4100
7285,Year End,TTM,2020-12,2019-12,2018-12,2017-12,2016-12,2015-12,2014-12,2013-12,2012-12,2011-12
7285,Revenue,168,154,158,168,204,211,214,209,224,217,212
7285,NP,7,-1,-12,-2,14,18,23,8,14,17,11
7285,EPS,0.02,—,-0.03,—,0.03,0.05,0.07,0.02,0.04,0.05,0.03
7285,DPS,—,—,—,0.01,0.03,0.03,0.03,0.02,0.03,0.02,0.02
7285,Div Payout,—,—,—,232.1,55.8,66.4,31.3,98.5,58.8,44.3,41.4
7285,Shares,426,423,420,420,418,348,342,341,341,341,340
7285,BVPS,0.44,0.43,0.43,0.47,0.47,0.45,0.36,0.32,0.32,0.30,0.26
7285,OCF,10,19,16,23,17,41,28,17,25,27,20
7285,FCF,8,16,9,-25,-28,-29,3,3,11,7,12
7285,NP Margin,4.45,-0.40,-7.34,-1.11,6.65,8.73,10.82,3.95,6.33,7.96,5.37
7285,ROE,4.11,-0.33,-6.21,-0.96,7.08,11.71,19.55,7.49,13.34,17.44,12.48
7285,Revenue GR,41.88,-2.39,-6.13,-17.57,-3.16,-1.47,2.42,-6.88,3.58,2.03,15.28
7285,Revenue GR 3Y avg,—,-8.93,-9.17,-7.69,-0.76,-2.05,-0.41,-0.53,6.80,10.86,5.12
7285,Revenue GR 5Y avg,—,-6.34,-5.44,-5.59,-1.18,-0.14,3.05,5.61,4.19,7.79,6.81
7285,Revenue GR 10Y avg,—,-1.76,-0.06,-0.82,3.21,3.28,—,—,—,—,—
7285,NP GR,—,—,—,—,18.06,9.02,10.32,-10.22,-3.56,-4.85,14.36
7285,NP GR 3Y avg,—,—,—,—,-4.67,10.07,7.88,-16.25,13.27,62.17,14.71
7285,NP GR 5Y avg,—,—,—,—,24.33,12.36,—,—,—,—,—
7285,NP GR 10Y avg,0.0,0.0,0.0,0.0,0.0,0.0,0.0,0.0,0.0,0.0,0.0
7285,EPS GR,-122.93,—,—,—,-38.31,-22.33,180.53,-41.92,-17.72,50.91,-28.29
7285,EPS GR 3Y avg,—,—,—,—,10.37,8.17,10.26,-10.33,-3.80,-14.01,3.19
7285,EPS GR 5Y avg,—,—,—,—,-8.47,9.46,7.72,-21.20,6.41,52.35,7.84
7285,EPS GR 10Y avg,—,—,—,—,18.09,8.64,—,—,—,—,—
7285,OCF GR,—,13.93,-29.45,35.69,-58.77,47.71,68.63,-33.12,-7.31,35.62,55.74
7285,FCF GR,—,79.15,—,—,—,—,1.59,-70.82,41.25,-38.59,636.51
7285,D/E,0.03,0.04,0.10,—,0.13,0.11,0.05,—,0.03,0.05,0.01
7285,Price,0.6050,0.7300,0.5000,0.5700,0.9750,1.6400,2.7100,1.2800,1.4100,1.2000,1.0000
7315,Year End,TTM,2020-09,2018-03,2017-03,2016-03,2014-06,2013-06,2012-06,2011-06,2010-06,2009-06
7315,Revenue,8,10,18,12,17,13,12,17,21,27,25
7315,NP,-8,-7,1,1,2,1,-9,-3,1,1,1
7315,EPS,-0.04,-0.04,0.01,—,0.06,0.01,-0.16,-0.05,0.01,0.02,0.02
7315,DPS,—,—,—,—,—,—,—,—,—,—,—
7315,Div Payout,—,—,—,—,—,—,—,—,—,—,—
7315,Shares,260,185,168,160,32,61,58,58,58,58,58
7315,BVPS,0.11,0.10,—,—,—,—,—,—,—,—,—
7315,OCF,-5,-2,1,-2,7,—,1,—,1,1,—
7315,FCF,-5,-2,-3,-2,1,—,1,—,1,1,—
7315,NP Margin,-105.41,-66.57,7.60,4.11,10.98,5.42,-73.76,-16.52,3.72,3.67,4.23
7315,ROE,-28.11,-23.68,4.09,1.74,6.47,14.77,-106.33,-19.56,5.04,6.73,7.70
7315,Revenue GR,-23.54,-20.07,41.06,-25.00,12.90,7.99,-28.28,-18.29,—,—,—
7315,Revenue GR 3Y avg,—,-10.60,7.43,0.05,-1.13,-14.15,-22.92,-11.51,—,—,—
7315,Revenue GR 5Y avg,—,-2.92,0.23,-8.84,-8.18,-11.70,-17.07,-17.33,—,—,—
7315,Revenue GR 10Y avg,—,-8.96,-8.35,-10.14,—,—,—,—,—,—,—
7315,NP GR,—,—,17.56,—,—,-2.72,—,—,—,—,—
7315,NP GR 3Y avg,—,—,—,-7.26,11.09,-7.25,—,—,—,—,—
7315,NP GR 5Y avg,—,—,—,-0.19,—,—,—,—,—,—,—
7315,NP GR 10Y avg,0.0,0.0,0.0,0.0,0.0,0.0,0.0,0.0,0.0,0.0,0.0
7315,EPS GR,6.25,—,-50.00,40.35,-3.13,—,—,—,—,—,—
7315,EPS GR 3Y avg,—,—,-10.35,—,—,-4.06,—,—,—,—,—
7315,EPS GR 5Y avg,—,—,—,2.80,-6.82,-7.91,—,—,—,—,—
7315,EPS GR 10Y avg,—,—,—,4.14,—,—,—,—,—,—,—
7315,OCF GR,—,—,—,—,—,—,213.38,-76.01,—,—,—
7315,FCF GR,—,—,—,—,—,—,213.76,-78.60,—,—,—
7315,D/E,0.15,0.16,—,—,—,—,0.50,0.24,0.21,0.25,0.35
7315,Price,0.1550,0.2000,0.1200,0.1750,0.1950,0.1900,0.2000,0.2100,0.2250,0.1400,0.1500
7323,Year End,TTM,2020-12,2019-12,2018-12,2017-12,2016-12,2015-12,2014-12,2013-12,2012-12,2011-12
7323,Revenue,45,34,15,64,104,93,74,91,56,54,87
7323,NP,11,9,2,25,50,28,23,32,21,16,23
7323,EPS,0.06,0.05,0.01,0.14,0.28,0.15,0.13,0.18,0.12,0.09,0.13
7323,DPS,—,—,0.01,0.03,0.03,0.03,0.03,0.02,0.03,0.03,—
7323,Div Payout,—,—,—,9.6,10.9,21.1,20.0,46.3,29.1,33.3,20.0
7323,Shares,179,179,179,179,179,179,179,179,180,180,182
7323,BVPS,1.85,1.82,1.78,1.80,1.56,1.35,1.22,1.11,0.99,0.87,0.71
7323,OCF,20,18,-4,31,-3,30,39,21,19,-5,49
7323,FCF,17,15,-4,29,-3,29,38,21,19,-6,48
7323,NP Margin,25.08,25.79,15.30,38.40,48.36,29.87,31.40,35.08,37.43,30.40,26.65
7323,ROE,3.45,2.66,0.70,7.96,18.19,11.41,10.50,16.15,11.93,10.24,15.97
7323,Revenue GR,353.13,128.80,-77.21,-38.31,12.27,24.98,-18.46,63.15,3.17,-37.94,60.87
7323,Revenue GR 3Y avg,—,-31.48,-45.95,-4.70,4.59,18.47,11.13,1.47,0.99,20.15,30.61
7323,Revenue GR 5Y avg,—,-14.71,-30.61,2.86,14.00,1.26,6.50,23.90,7.37,-2.11,2.93
7323,Revenue GR 10Y avg,—,-4.69,-7.28,5.09,5.64,2.09,—,—,—,—,—
7323,NP GR,—,-44.43,-56.76,1.92,16.41,9.88,12.34,11.21,3.18,18.58,54.69
7323,NP GR 3Y avg,—,-18.00,-41.22,3.39,25.10,3.60,4.16,26.49,27.19,14.30,41.66
7323,NP GR 5Y avg,—,-7.58,-13.77,14.68,19.58,21.14,—,—,—,—,—
7323,NP GR 10Y avg,0.0,0.0,0.0,0.0,0.0,0.0,0.0,0.0,0.0,0.0,0.0
7323,EPS GR,763.16,400.00,-92.74,-50.84,86.67,25.00,-33.33,56.52,27.78,-30.77,30.00
7323,EPS GR 3Y avg,—,-43.69,-59.45,4.68,15.87,9.26,10.06,11.46,4.77,21.64,54.87
7323,EPS GR 5Y avg,—,-16.06,-43.90,3.66,25.48,2.90,3.71,29.20,26.86,14.87,39.06
7323,EPS GR 10Y avg,—,-6.70,-14.87,14.68,20.06,19.62,—,—,—,—,—
7323,OCF GR,—,—,—,—,—,-21.95,83.64,10.50,—,—,85.12
7323,FCF GR,—,—,—,—,—,-22.68,82.26,12.33,—,—,87.39
7323,D/E,—,—,—,—,—,—,—,—,—,—,—
7323,Price,0.5500,0.6000,0.5850,0.6300,0.9200,0.8500,1.0100,0.9950,1.5000,1.1500,1.0300
7382,Year End,TTM,2020-06,2019-06,2018-06,2017-06,2016-06,2015-06,2014-06,2013-06,2012-06,2011-06
7382,Revenue,60,29,12,6,4,9,13,190,185,273,270
7382,NP,-8,-20,-20,-15,3,70,4,13,3,29,33
7382,EPS,-0.04,-0.09,-0.09,-0.06,0.01,0.32,0.02,0.06,0.01,0.13,0.15
7382,DPS,—,—,—,0.01,—,—,0.01,—,0.03,0.04,0.02
7382,Div Payout,—,—,—,—,—,—,24.6,—,82.1,23.0,—
7382,Shares,—,215,215,215,216,216,216,216,216,217,219
7382,BVPS,1.86,1.82,2.03,2.17,2.30,3.01,2.98,2.03,2.01,1.95,—
7382,OCF,-6,-42,-68,-62,-46,-46,6,1,-15,-3,49
7382,FCF,-33,-68,-102,-77,-54,-63,-18,-4,-22,-11,44
7382,NP Margin,-14.24,-66.98,-168.39,-260.66,61.74,789.04,29.77,6.87,1.67,10.61,12.33
7382,ROE,-2.15,-4.59,-4.55,-3.15,0.47,11.91,0.64,2.44,0.71,6.80,8.26
7382,Revenue GR,22.08,143.09,109.41,34.66,-52.04,-31.51,-93.17,2.84,-32.44,1.32,—
7382,Revenue GR 3Y avg,—,89.96,10.59,-23.80,-71.79,-63.63,-63.79,-11.04,-6.93,9.41,—
7382,Revenue GR 5Y avg,—,17.63,-42.42,-50.05,-56.49,-49.47,-43.68,-1.87,-7.20,12.63,—
7382,Revenue GR 10Y avg,—,-18.61,-24.83,-31.92,-29.99,-21.52,—,—,—,—,—
7382,NP GR,—,—,—,—,-41.35,183.53,-48.92,-26.80,-26.65,19.63,—
7382,NP GR 3Y avg,—,—,—,—,-38.11,16.08,-13.10,-5.08,-39.99,15.45,—
7382,NP GR 5Y avg,—,—,—,—,-15.47,—,—,—,—,—,—
7382,NP GR 10Y avg,0.0,0.0,0.0,0.0,0.0,0.0,0.0,0.0,0.0,0.0,0.0
7382,EPS GR,-84.26,—,—,—,-96.23,—,-70.48,324.65,-89.37,-12.16,—
7382,EPS GR 3Y avg,—,—,—,—,-41.29,183.63,-48.93,-26.54,-26.39,20.16,—
7382,EPS GR 5Y avg,—,—,—,—,-38.04,16.33,-12.94,-4.77,-39.79,15.43,—
7382,EPS GR 10Y avg,—,—,—,—,-15.43,—,—,—,—,—,—
7382,OCF GR,—,—,—,—,—,—,779.66,—,—,—,—
7382,FCF GR,—,—,—,—,—,—,—,—,—,—,—
7382,D/E,0.32,0.24,0.03,—,—,—,0.08,0.11,0.19,0.18,0.21
7382,Price,0.0000,0.3700,0.4000,0.4600,0.6050,0.5650,1.5600,1.0500,1.0200,1.1500,1.1700
