code,detail,TTM,Y1,Y2,Y3,Y4,Y5,Y6,Y7,Y8,Y9,Y10
9687,Year End,TTM,2020-12,2019-12,2018-12,2017-12,2016-12,2015-12,2014-12,2013-12,2012-12,2011-12
9687,Revenue,351,317,570,678,246,153,11,5,17,19,18
9687,NP,-20,-57,58,53,16,8,-2,-3,-2,1,1
9687,EPS,-0.04,-0.12,0.17,0.22,0.15,0.08,-0.03,-0.06,-0.03,0.01,0.01
9687,DPS,0.01,0.01,0.01,—,—,—,—,—,—,—,—
9687,Div Payout,—,—,—,—,—,—,—,—,—,—,—
9687,Shares,474,473,338,247,110,110,74,57,54,54,54
9687,BVPS,1.08,1.01,1.18,1.20,0.79,0.65,0.27,0.23,0.35,0.36,0.34
9687,OCF,—,—,—,—,—,—,—,—,—,—,—
9687,FCF,159,93,70,-65,-62,64,-37,-21,3,4,-5
9687,NP Margin,-5.43,-17.73,10.31,7.87,6.57,5.42,-18.52,-67.94,-8.93,3.12,4.27
9687,ROE,-3.69,-9.61,14.32,35.48,18.91,11.33,-4.19,-13.68,-7.99,3.03,4.17
9687,Revenue GR,55.37,-44.48,-15.84,174.94,60.74,1253.82,128.72,-70.77,-10.17,3.17,-19.18
9687,Revenue GR 3Y avg,—,8.71,54.94,291.12,267.84,108.39,-15.63,-35.30,-9.18,-3.73,-11.68
9687,Revenue GR 5Y avg,—,94.67,158.39,109.12,67.20,53.01,-12.92,-25.19,-8.58,-17.34,-14.10
9687,Revenue GR 10Y avg,—,30.20,39.03,38.27,17.56,14.65,—,—,—,—,—
9687,NP GR,—,—,91.28,—,—,—,—,—,—,—,—
9687,NP GR 3Y avg,—,—,—,—,94.05,60.49,—,—,—,42.35,—
9687,NP GR 5Y avg,—,—,—,—,66.20,—,—,—,—,—,—
9687,NP GR 10Y avg,0.0,0.0,0.0,0.0,0.0,0.0,0.0,0.0,0.0,0.0,0.0
9687,EPS GR,-142.45,—,-41.91,47.24,29.65,—,—,—,—,-24.83,417.86
9687,EPS GR 3Y avg,—,—,3.50,—,—,—,—,—,—,—,—
9687,EPS GR 5Y avg,—,—,—,—,68.14,50.78,—,—,—,41.82,—
9687,EPS GR 10Y avg,—,—,—,—,54.42,—,—,—,—,—,—
9687,OCF GR,—,32.72,—,—,—,—,—,—,-14.57,—,—
9687,FCF GR,—,32.49,—,—,—,—,—,—,-14.44,—,—
9687,D/E,0.21,0.19,0.02,—,—,—,—,—,—,—,—
9687,Price,0.9450,1.0800,1.5800,1.0900,0.6750,0.7500,0.9000,0.8100,0.5900,0.2000,0.2000
9741,Year End,TTM,2020-12,2019-12,2018-12,2017-12,2016-12,2015-12,2014-12,2013-12,2012-12,2011-12
9741,Revenue,273,329,474,404,311,—,—,283,213,194,210
9741,NP,-7,-3,17,16,3,2,98,20,15,17,20
9741,EPS,-0.01,-0.01,0.04,0.03,0.01,0.37,4.57,0.49,0.36,0.43,0.50
9741,DPS,0.01,0.01,0.01,0.01,0.01,—,—,0.05,0.05,0.25,0.20
9741,Div Payout,—,—,26.3,41.6,—,—,—,10.6,13.0,58.1,37.2
9741,Shares,473,473,473,473,346,68,40,40,40,40,40
9741,BVPS,0.68,0.69,0.70,0.68,0.50,0.59,0.59,3.11,2.69,2.47,2.23
9741,OCF,84,51,14,-22,3,-2,12,32,26,7,34
9741,FCF,79,47,11,-39,—,-2,9,17,19,3,17
9741,NP Margin,-2.41,-0.86,3.64,3.97,0.98,—,—,6.96,6.91,8.97,9.59
9741,ROE,-2.03,-0.87,5.35,5.07,1.81,10.93,128.96,16.26,13.89,18.10,23.29
9741,Revenue GR,-50.30,-30.70,17.33,30.01,—,—,—,32.98,9.92,-7.59,21.50
9741,Revenue GR 3Y avg,—,1.87,—,—,3.12,—,—,10.54,7.27,12.14,24.29
9741,Revenue GR 5Y avg,—,—,10.84,13.65,9.90,—,—,15.56,14.29,20.60,25.64
9741,Revenue GR 10Y avg,—,6.64,13.18,13.97,15.12,—,—,—,—,—,—
9741,NP GR,—,—,90.78,-45.28,-46.27,-44.73,77.82,-0.68,-2.87,9.85,32.68
9741,NP GR 3Y avg,—,—,-2.61,1.69,-29.36,-34.17,43.47,8.49,11.34,29.41,39.28
9741,NP GR 5Y avg,—,—,2.79,6.40,-4.39,-4.25,—,—,—,—,—
9741,NP GR 10Y avg,0.0,0.0,0.0,0.0,0.0,0.0,0.0,0.0,0.0,0.0,0.0
9741,EPS GR,-235.29,—,7.96,421.54,-89.45,-97.46,395.92,33.79,-15.26,-13.59,25.14
9741,EPS GR 3Y avg,—,—,-15.93,-75.90,-76.30,-44.73,77.82,-0.68,-2.87,9.84,32.69
9741,EPS GR 5Y avg,—,—,-40.44,-37.83,-56.77,-34.17,43.48,8.49,11.34,24.42,30.59
9741,EPS GR 10Y avg,—,—,-19.62,-16.80,-26.66,-7.28,—,—,—,—,—
9741,OCF GR,—,255.34,—,—,—,—,-63.27,23.85,268.98,-79.36,204.32
9741,FCF GR,—,346.57,—,—,—,—,-48.31,-10.42,516.71,-82.14,647.03
9741,D/E,0.09,0.08,0.09,0.02,0.06,—,—,—,—,0.01,0.03
9741,Price,0.3750,0.3450,0.6400,0.6800,1.5000,1.0800,1.4500,5.1600,2.9700,3.1800,3.4700
9792,Year End,TTM,2020-12,2019-12,2018-12,2017-12,2016-12,2015-12,2014-12,2013-12,2012-12,2011-12
9792,Revenue,204,204,244,252,256,260,253,242,237,285,278
9792,NP,38,39,45,42,40,27,24,23,33,60,72
9792,EPS,0.03,0.03,0.04,0.03,0.03,0.02,0.02,0.02,0.03,0.05,0.07
9792,DPS,0.03,0.03,0.03,0.03,0.04,0.04,0.04,0.06,0.04,0.03,0.08
9792,Div Payout,80.4,75.5,78.1,97.4,—,208.6,293.5,196.3,274.7,55.1,13.0
9792,Shares,"1,232","1,234","1,234","1,239","1,238","1,238","1,203","1,173","1,215","1,140","1,111"
9792,BVPS,0.08,0.10,0.09,0.10,0.10,0.16,0.18,0.21,0.24,0.24,0.21
9792,OCF,64,48,78,53,56,60,57,76,38,53,69
9792,FCF,62,46,73,49,50,53,51,67,19,-21,56
9792,NP Margin,18.77,19.20,18.50,16.71,15.68,10.42,9.50,9.66,13.93,21.18,25.98
9792,ROE,37.82,42.19,48.55,45.92,27.20,12.79,10.90,9.84,12.67,26.78,37.44
9792,Revenue GR,0.07,-16.34,-3.35,-1.51,-1.48,2.75,4.62,2.23,-16.91,2.36,27.88
9792,Revenue GR 3Y avg,—,-7.31,-2.12,-0.10,1.93,3.19,-3.86,-4.56,2.84,17.22,29.75
9792,Revenue GR 5Y avg,—,-4.22,0.16,1.29,-2.10,-1.35,3.07,6.47,13.19,26.99,30.25
9792,Revenue GR 10Y avg,—,-0.64,3.27,7.07,11.50,13.36,—,—,—,—,—
9792,NP GR,—,-0.84,18.52,20.58,19.81,-6.32,-26.41,-31.38,-8.51,81.92,115.10
9792,NP GR 3Y avg,—,10.26,14.08,5.03,-7.81,-17.82,-11.00,18.44,35.33,63.55,103.48
9792,NP GR 5Y avg,—,-0.94,16.24,19.22,22.79,29.32,—,—,—,—,—
9792,NP GR 10Y avg,0.0,0.0,0.0,0.0,0.0,0.0,0.0,0.0,0.0,0.0,0.0
9792,EPS GR,-8.00,-12.91,7.06,4.94,48.11,9.33,0.59,-26.67,-48.73,-18.73,65.21
9792,EPS GR 3Y avg,—,-0.73,18.50,19.33,17.66,-6.92,-27.68,-32.65,-11.70,44.24,72.48
9792,EPS GR 5Y avg,—,9.64,12.85,4.62,-9.34,-19.60,-12.68,2.44,16.41,43.18,79.89
9792,EPS GR 10Y avg,—,-2.15,7.52,10.36,13.93,20.26,—,—,—,—,—
9792,OCF GR,—,-38.19,49.05,-6.58,-6.68,6.00,-25.25,101.10,-28.00,-23.92,5.54
9792,FCF GR,—,-37.82,49.96,-3.02,-5.36,3.98,-23.76,246.11,—,—,0.70
9792,D/E,1.21,1.39,1.35,0.28,0.38,0.01,0.01,0.01,0.17,0.17,0.03
9792,Price,0.6350,0.6300,0.6350,0.6450,0.6850,1.1500,1.3800,1.4700,1.5000,1.8500,1.8000
9822,Year End,TTM,2020-03,2019-03,2018-03,2017-03,2016-03,2015-03,2014-03,2013-03,2012-03,2011-03
9822,Revenue,851,939,755,598,537,620,452,453,383,531,308
9822,NP,50,80,79,63,44,63,35,28,20,18,18
9822,EPS,0.37,0.59,0.58,0.48,0.32,0.47,0.26,0.22,0.19,0.25,0.25
9822,DPS,0.15,0.17,0.14,0.10,0.15,0.12,0.10,0.08,0.07,—,—
9822,Div Payout,39.8,26.9,26.3,23.6,47.3,26.2,47.9,44.0,28.3,—,—
9822,Shares,135,135,135,131,135,135,135,135,104,71,71
9822,BVPS,4.36,4.21,3.90,3.34,3.46,4.98,4.14,4.06,4.16,—,—
9822,OCF,109,98,33,98,39,99,3,75,77,14,-21
9822,FCF,65,36,-70,-37,-44,79,-2,71,75,8,-34
9822,NP Margin,5.88,8.50,10.40,10.56,8.11,10.18,7.67,6.25,5.21,3.32,5.79
9822,ROE,8.63,13.94,15.75,13.79,9.76,15.49,9.83,9.05,8.21,9.77,10.97
9822,Revenue GR,-26.49,24.33,26.21,11.31,-13.33,37.33,-0.27,18.08,-27.81,72.31,—
9822,Revenue GR 3Y avg,—,20.43,6.78,9.83,5.88,17.38,-5.27,13.67,8.22,—,—
9822,Revenue GR 5Y avg,—,15.76,10.77,9.30,0.23,15.00,8.34,—,5.50,—,—
9822,Revenue GR 10Y avg,—,11.99,—,7.17,—,—,—,—,—,—,—
9822,NP GR,—,22.33,7.56,22.16,15.48,46.76,25.25,16.67,-8.42,—,—
9822,NP GR 3Y avg,—,18.17,22.63,25.90,19.86,28.75,5.92,—,-3.67,—,—
9822,NP GR 5Y avg,—,11.88,—,8.50,—,—,—,—,—,—,—
9822,NP GR 10Y avg,0.0,0.0,0.0,0.0,0.0,0.0,0.0,0.0,0.0,0.0,0.0
9822,EPS GR,-52.48,1.67,20.37,49.37,-31.36,80.21,24.74,5.70,-20.35,-1.15,—
9822,EPS GR 3Y avg,—,22.27,7.26,22.71,15.55,33.44,1.65,-5.94,-18.55,—,—
9822,EPS GR 5Y avg,—,17.72,22.64,19.49,5.37,13.35,-6.56,—,-9.38,—,—
9822,EPS GR 10Y avg,—,4.88,—,2.47,—,—,—,—,—,—,—
9822,OCF GR,—,200.88,-66.59,153.06,-61.02,—,-95.59,-3.32,458.03,—,—
9822,FCF GR,—,—,—,—,—,—,—,-4.65,781.52,—,—
9822,D/E,0.07,0.09,0.05,0.03,—,—,0.01,0.03,0.05,0.04,0.08
9822,Price,6.7400,6.7400,5.3300,7.7900,6.3000,6.1800,6.3900,2.9500,3.3000,2.2800,2.0700
9873,Year End,TTM,2020-12,2019-12,2018-12,2017-12,2016-12,2015-12,2014-12,2013-12,2012-12,2011-12
9873,Revenue,456,410,454,508,742,621,617,630,601,588,535
9873,NP,37,22,6,13,43,24,11,12,12,8,8
9873,EPS,0.19,0.11,0.03,0.06,0.22,0.13,0.06,0.07,0.07,0.04,0.05
9873,DPS,0.01,0.01,0.01,0.03,0.05,0.02,0.02,0.02,0.01,0.01,0.01
9873,Div Payout,5.3,20.4,—,48.6,13.2,16.3,50.9,27.4,8.6,22.6,42.6
9873,Shares,194,194,196,197,194,183,175,174,174,174,174
9873,BVPS,1.51,1.49,1.44,1.44,1.40,1.26,1.20,1.15,1.06,1.01,0.94
9873,OCF,29,39,73,—,37,24,57,64,19,1,36
9873,FCF,22,32,66,-18,25,17,52,50,12,-8,25
9873,NP Margin,8.00,5.42,1.22,2.48,5.81,3.92,1.73,1.95,2.03,1.31,1.51
9873,ROE,11.95,7.55,1.96,4.51,16.74,10.78,5.09,6.19,6.49,4.30,4.66
9873,Revenue GR,49.62,-9.73,-10.62,-31.51,19.37,0.74,-2.09,4.92,2.19,9.85,-3.37
9873,Revenue GR 3Y avg,—,-17.94,-9.93,-6.26,5.59,1.15,1.63,5.61,2.75,8.52,-0.08
9873,Revenue GR 5Y avg,—,-7.85,-6.34,-3.29,4.77,3.04,2.19,6.50,2.29,5.22,0.28
9873,Revenue GR 10Y avg,—,-2.96,-0.12,-0.54,4.99,1.65,—,—,—,—,—
9873,NP GR,—,-19.81,-38.98,5.76,51.88,25.87,11.44,15.06,25.87,22.37,-10.55
9873,NP GR 3Y avg,—,15.84,-14.79,0.66,41.14,24.68,11.74,23.97,1.57,-15.82,-6.37
9873,NP GR 5Y avg,—,13.77,2.78,1.11,9.00,8.05,—,—,—,—,—
9873,NP GR 10Y avg,0.0,0.0,0.0,0.0,0.0,0.0,0.0,0.0,0.0,0.0,0.0
9873,EPS GR,351.20,304.24,-55.92,-71.18,67.14,118.88,-13.62,0.57,58.60,-4.74,31.82
9873,EPS GR 3Y avg,—,-19.92,-40.34,1.77,46.75,23.89,11.28,14.96,25.81,22.41,-10.58
9873,EPS GR 5Y avg,—,13.44,-16.69,-1.74,38.20,23.50,11.59,23.95,1.55,-15.89,-6.29
9873,EPS GR 10Y avg,—,12.51,1.62,-0.11,7.81,7.58,—,—,—,—,—
9873,OCF GR,—,-47.17,—,—,53.24,-57.85,-10.01,229.30,—,-97.55,86.93
9873,FCF GR,—,-51.77,—,—,50.57,-67.86,5.58,317.76,—,—,202.76
9873,D/E,0.06,0.07,0.09,0.03,0.04,0.08,0.11,0.12,0.13,0.17,0.05
9873,Price,0.9750,0.8750,0.4350,0.5200,1.0400,0.8700,0.4800,0.4500,0.4600,0.2800,0.3400
9881,Year End,TTM,2020-12,2019-12,2018-12,2017-12,2016-12,2015-12,2014-12,2013-12,2012-12,2011-12
9881,Revenue,210,218,297,284,244,167,154,235,259,283,273
9881,NP,13,6,-2,5,8,7,-3,-13,1,-10,-2
9881,EPS,0.10,0.05,-0.02,0.04,0.06,0.05,-0.03,-0.10,0.01,-0.08,-0.01
9881,DPS,—,—,—,—,—,—,—,—,—,—,0.03
9881,Div Payout,—,—,—,—,—,—,—,—,—,—,—
9881,Shares,135,131,127,127,127,127,127,128,128,128,128
9881,BVPS,1.25,1.18,1.17,1.16,1.08,1.01,0.93,0.89,0.93,0.91,0.77
9881,OCF,30,23,4,5,-5,20,21,9,15,-4,17
9881,FCF,29,22,1,-4,-13,20,15,7,—,-14,-3
9881,NP Margin,6.04,2.86,-0.71,1.76,3.19,4.03,-2.26,-5.48,0.33,-3.66,-0.58
9881,ROE,7.90,3.97,-1.42,3.51,5.70,5.31,-2.87,-10.85,0.74,-9.81,-1.62
9881,Revenue GR,-12.41,-26.71,4.66,16.52,45.66,8.90,-34.52,-9.27,-8.72,3.63,26.18
9881,Revenue GR 3Y avg,—,-3.68,21.11,22.72,1.27,-13.51,-18.45,-4.97,6.08,-10.07,5.69
9881,Revenue GR 5Y avg,—,7.23,4.84,1.89,-2.97,-9.35,-6.64,-9.64,2.23,8.84,7.88
9881,Revenue GR 10Y avg,—,0.05,-2.67,2.06,2.77,-1.11,—,—,—,—,—
9881,NP GR,—,-7.05,—,—,—,98.48,—,—,-45.39,—,—
9881,NP GR 3Y avg,—,—,—,42.01,—,—,—,—,7.44,—,—
9881,NP GR 5Y avg,—,1.64,—,23.52,4.22,1.33,—,—,—,—,—
9881,NP GR 10Y avg,0.0,0.0,0.0,0.0,0.0,0.0,0.0,0.0,0.0,0.0,0.0
9881,EPS GR,972.55,—,—,-35.57,15.09,—,—,—,—,—,—
9881,EPS GR 3Y avg,—,-7.87,—,—,—,99.25,—,—,-45.50,—,—
9881,EPS GR 5Y avg,—,—,—,42.45,—,—,—,—,7.35,—,—
9881,EPS GR 10Y avg,—,1.43,—,23.66,4.21,1.21,—,—,—,—,—
9881,OCF GR,—,518.48,-19.85,—,—,-1.80,141.55,-43.11,—,—,—
9881,FCF GR,—,—,—,—,—,26.91,127.33,—,—,—,—
9881,D/E,0.01,0.01,0.01,—,0.01,0.03,0.05,0.09,0.14,0.12,0.20
9881,Price,0.5350,0.7250,0.3050,0.2500,0.5000,0.4000,0.1650,0.2750,0.3000,0.3200,0.3600
9954,Year End,TTM,2020-06,2019-06,2018-06,2017-06,2016-06,2015-06,2013-12,2012-12,2011-12,2010-12
9954,Revenue,146,77,95,26,11,10,8,8,6,5,8
9954,NP,14,5,6,-2,-1,-3,-24,-3,-7,-7,-5
9954,EPS,0.02,0.01,0.01,-0.01,-0.01,-0.02,-0.18,-0.03,-0.07,-0.07,-0.05
9954,DPS,—,—,—,—,—,—,—,—,—,—,—
9954,Div Payout,—,49.1,—,—,—,—,—,—,—,—,—
9954,Shares,739,642,649,125,133,133,133,104,101,101,101
9954,BVPS,0.16,0.10,0.10,—,0.02,0.04,0.10,—,—,—,—
9954,OCF,13,13,7,12,-3,-12,-6,—,1,—,2
9954,FCF,-15,11,6,11,-3,-12,-6,—,1,—,1
9954,NP Margin,9.27,6.41,6.44,-6.93,-13.91,-27.35,-302.05,-40.90,-113.20,-139.25,-70.18
9954,ROE,16.21,7.81,10.32,-6.19,-37.08,-47.87,-125.84,-13.72,-25.57,-22.52,-17.10
9954,Revenue GR,109.70,-18.02,257.69,151.33,2.56,27.55,—,25.46,30.03,-36.10,—
9954,Revenue GR 3Y avg,—,94.61,109.69,48.69,—,10.70,9.98,1.40,-10.82,-38.23,—
9954,Revenue GR 5Y avg,—,57.33,—,30.59,11.91,17.96,1.17,-17.40,-24.20,-31.71,—
9954,Revenue GR 10Y avg,—,27.62,28.18,2.61,-8.83,-11.52,—,—,—,—,—
9954,NP GR,—,—,—,—,—,—,—,—,—,—,—
9954,NP GR 3Y avg,—,—,—,—,—,—,—,—,—,—,—
9954,NP GR 5Y avg,—,—,—,—,—,—,—,—,—,—,—
9954,NP GR 10Y avg,0.0,0.0,0.0,0.0,0.0,0.0,0.0,0.0,0.0,0.0,0.0
9954,EPS GR,300.00,-18.09,—,—,—,—,—,—,—,—,—
9954,EPS GR 3Y avg,—,—,—,—,—,—,—,—,—,—,—
9954,EPS GR 5Y avg,—,—,—,—,—,—,—,—,—,—,—
9954,EPS GR 10Y avg,—,—,—,—,—,—,—,—,—,—,—
9954,OCF GR,—,86.89,-38.67,—,—,—,—,—,142.32,-84.39,—
9954,FCF GR,—,96.79,-49.93,—,—,—,—,—,170.43,-77.55,—
9954,D/E,0.17,0.05,0.07,0.10,—,—,—,—,—,—,—
9954,Price,0.3950,0.2700,0.1550,0.1350,0.1100,0.1550,0.4600,1.1500,0.6000,0.3800,0.3000
9962,Year End,TTM,2020-12,2019-12,2018-12,2017-12,2016-12,2015-12,2014-12,2013-12,2012-12,2011-12
9962,Revenue,79,68,59,51,66,92,71,86,133,104,96
9962,NP,13,10,11,6,20,23,16,26,27,22,21
9962,EPS,0.03,0.03,0.03,0.01,0.05,0.06,0.04,0.07,0.07,0.06,0.06
9962,DPS,0.01,0.01,0.01,0.01,0.02,0.01,0.02,0.02,0.01,0.01,0.01
9962,Div Payout,14.8,—,27.8,35.9,25.6,33.6,14.6,48.6,18.8,25.4,32.6
9962,Shares,376,376,376,376,376,376,376,376,376,376,376
9962,BVPS,0.98,0.96,0.95,0.94,0.90,0.89,0.84,0.79,0.77,0.71,0.61
9962,OCF,—,—,—,—,—,—,—,—,—,—,—
9962,FCF,14,—,-6,5,-15,10,-10,16,30,14,-8
9962,NP Margin,16.08,14.45,19.44,11.78,30.16,25.37,22.50,30.04,20.10,21.38,22.27
9962,ROE,3.50,2.71,3.23,1.72,5.85,7.18,5.19,8.77,9.72,8.66,8.93
9962,Revenue GR,163.64,15.23,15.97,-22.89,-28.06,28.36,-17.46,-35.27,28.14,8.38,34.03
9962,Revenue GR 3Y avg,—,1.00,-13.67,-10.70,-8.65,-11.81,-11.86,-3.49,23.01,7.69,8.48
9962,Revenue GR 5Y avg,—,-0.99,-7.38,-17.57,-8.76,-0.97,-0.11,0.71,12.14,9.69,14.70
9962,Revenue GR 10Y avg,—,-0.55,-3.42,-3.86,0.04,6.58,—,—,—,—,—
9962,NP GR,—,-20.96,-21.00,-28.03,-8.53,-4.69,-10.34,6.63,32.62,26.09,39.61
9962,NP GR 3Y avg,—,-9.38,-15.10,-25.93,-2.26,1.64,6.89,18.49,27.80,28.76,31.69
9962,NP GR 5Y avg,—,-1.58,0.30,-2.70,12.18,15.70,—,—,—,—,—
9962,NP GR 10Y avg,0.0,0.0,0.0,0.0,0.0,0.0,0.0,0.0,0.0,0.0,0.0
9962,EPS GR,—,-14.43,91.82,-69.94,-14.40,44.73,-38.21,-3.22,21.02,3.54,86.14
9962,EPS GR 3Y avg,—,-20.98,-20.97,-28.06,-8.52,-4.70,-10.22,6.64,32.62,25.88,39.60
9962,EPS GR 5Y avg,—,-9.38,-15.09,-25.95,-2.16,1.64,6.88,18.50,27.80,28.64,31.69
9962,EPS GR 10Y avg,—,-1.58,0.31,-2.72,12.19,15.69,—,—,—,—,—
9962,OCF GR,—,—,—,—,—,—,—,-45.30,103.35,—,—
9962,FCF GR,—,—,—,—,—,—,—,-46.06,111.60,—,—
9962,D/E,0.02,0.03,0.04,0.05,0.04,0.03,0.04,0.03,0.07,0.07,0.10
9962,Price,0.3050,0.2500,0.2700,0.2650,0.3950,0.3850,0.4050,0.3950,0.4600,0.2600,0.2200
9997,Year End,TTM,2020-05,2019-05,2018-05,2017-05,2016-05,2015-05,2014-05,2013-05,2012-05,2011-05
9997,Revenue,310,280,324,327,341,386,386,374,363,349,298
9997,NP,11,3,1,-3,6,11,18,3,4,-11,3
9997,EPS,0.08,0.02,—,-0.03,0.05,0.09,0.14,0.02,0.03,-0.08,0.03
9997,DPS,0.01,—,—,0.02,0.03,0.04,0.02,0.02,0.01,0.01,0.01
9997,Div Payout,14.9,—,—,47.3,53.1,23.2,77.8,80.3,—,—,—
9997,Shares,130,130,130,131,136,130,130,130,130,130,130
9997,BVPS,1.00,0.90,0.87,0.91,0.90,0.87,0.75,0.75,0.69,0.66,—
9997,OCF,29,36,6,15,15,4,29,8,30,5,6
9997,FCF,24,11,-7,-7,14,1,14,-2,17,-12,3
9997,NP Margin,3.50,1.03,0.17,-1.06,1.89,2.91,4.60,0.77,1.00,-3.04,1.12
9997,ROE,8.90,2.50,0.50,-2.99,5.48,10.04,17.39,3.13,4.18,-11.64,3.48
9997,Revenue GR,20.51,-13.66,-0.75,-4.20,-11.68,0.20,3.15,3.09,3.98,17.01,—
9997,Revenue GR 3Y avg,—,-6.36,-5.65,-5.36,-3.00,2.14,3.41,7.84,6.07,7.67,—
9997,Revenue GR 5Y avg,—,-6.19,-2.79,-2.05,-0.43,5.33,4.88,6.00,2.42,2.91,—
9997,Revenue GR 10Y avg,—,-0.81,1.51,0.16,1.22,7.51,—,—,—,—,—
9997,NP GR,—,-23.55,-63.21,—,30.98,45.84,—,-4.91,2.71,—,—
9997,NP GR 3Y avg,—,-30.46,-27.87,—,—,27.50,39.57,5.18,8.06,—,—
9997,NP GR 5Y avg,—,-1.49,-12.90,—,27.38,13.11,—,—,—,—,—
9997,NP GR 10Y avg,0.0,0.0,0.0,0.0,0.0,0.0,0.0,0.0,0.0,0.0,0.0
9997,EPS GR,-2.55,416.28,—,—,-45.28,-36.50,518.55,-21.07,—,—,—
9997,EPS GR 3Y avg,—,-22.40,-63.27,—,29.05,45.81,—,-4.92,2.78,—,—
9997,EPS GR 5Y avg,—,-30.48,-27.92,—,—,27.55,39.60,5.12,8.06,—,—
9997,EPS GR 10Y avg,—,-1.49,-12.95,—,26.78,13.13,—,—,—,—,—
9997,OCF GR,—,482.58,-60.24,3.80,298.13,-87.22,282.66,-74.90,496.00,-14.90,—
9997,FCF GR,—,—,—,—,—,-92.38,—,—,—,—,—
9997,D/E,0.29,0.35,0.21,0.21,0.10,0.16,0.26,0.08,0.15,0.12,0.04
9997,Price,0.6700,0.2750,0.3900,0.5650,0.6400,0.6300,0.4150,0.4300,0.5200,0.4900,0.6100
0005,Year End,TTM,2020-05,2019-05,2018-05,2017-05,2014-12,2013-12,2012-12,2011-12,2010-12,2009-12
0005,Revenue,22,12,29,48,6,1,4,4,6,2,4
0005,NP,-11,-21,6,15,-1,-7,-6,-1,-4,-3,-1
0005,EPS,-0.02,-0.04,0.02,0.04,—,-0.02,-0.02,—,-0.01,-0.01,—
0005,DPS,—,—,—,—,—,—,—,—,—,—,—
0005,Div Payout,—,—,—,—,—,—,—,—,—,—,—
0005,Shares,553,464,369,369,373,294,291,291,291,291,291
0005,BVPS,0.07,0.08,0.09,0.06,0.03,—,—,—,—,—,—
0005,OCF,-4,-1,2,22,—,—,-1,1,-1,1,—
0005,FCF,-4,-1,-4,-1,—,—,-1,—,-1,1,—
0005,NP Margin,-49.66,-169.03,22.51,30.76,-14.03,-611.97,-157.66,-12.69,-60.50,-121.61,-21.32
0005,ROE,-28.15,-72.17,18.35,68.37,-6.79,-55.43,-33.06,-2.72,-17.89,-12.00,-2.86
0005,Revenue GR,559.96,-57.38,-40.32,744.64,96.50,-69.22,-11.46,-34.83,158.64,—,—
0005,Revenue GR 3Y avg,—,29.04,108.73,79.67,7.81,-43.79,14.28,4.89,19.41,—,—
0005,Revenue GR 5Y avg,—,20.91,35.51,37.36,14.24,-20.65,-0.35,-11.69,-18.90,—,—
0005,Revenue GR 10Y avg,—,11.09,12.33,9.06,—,—,—,—,—,—,—
0005,NP GR,—,—,—,—,—,—,—,—,—,—,—
0005,NP GR 3Y avg,—,—,—,—,—,—,—,—,—,—,—
0005,NP GR 5Y avg,—,—,26.64,20.74,—,—,—,—,—,—,—
0005,NP GR 10Y avg,0.0,0.0,0.0,0.0,0.0,0.0,0.0,0.0,0.0,0.0,0.0
0005,EPS GR,-160.00,—,-56.22,—,—,—,—,—,—,—,—
0005,EPS GR 3Y avg,—,—,—,—,—,—,—,—,—,—,—
0005,EPS GR 5Y avg,—,—,—,—,—,—,—,—,—,—,—
0005,EPS GR 10Y avg,—,—,23.36,27.09,—,—,—,—,—,—,—
0005,OCF GR,—,—,-88.98,—,—,—,—,—,—,—,—
0005,FCF GR,—,—,—,—,—,—,—,—,—,—,—
0005,D/E,—,0.01,—,—,—,—,—,—,—,—,—
0005,Price,0.1550,0.1600,0.2050,0.2100,0.0600,0.0850,0.0450,0.0400,0.0500,0.0700,0.0400
0006,Year End,TTM,2018-12,2017-12,2016-12,2015-12,2014-12,2013-12,2012-12,2011-12,2010-12,2009-12
0006,Revenue,53,58,57,51,47,49,53,58,53,45,38
0006,NP,-2,—,—,—,-1,—,1,1,1,1,—
0006,EPS,-0.03,—,0.01,-0.01,-0.01,0.01,0.02,0.02,0.03,0.02,0.01
0006,DPS,—,—,—,—,—,—,—,—,—,—,—
0006,Div Payout,—,—,—,—,—,—,—,—,—,—,—
0006,Shares,49,49,49,49,49,49,49,49,49,49,49
0006,BVPS,0.46,—,—,—,—,—,—,—,—,—,—
0006,OCF,2,3,-4,-4,—,4,-4,6,-3,3,-2
0006,FCF,—,3,-4,-4,—,4,-5,5,-4,3,-2
0006,NP Margin,-2.90,0.04,0.62,-0.74,-1.33,0.76,1.46,1.47,2.62,2.49,0.97
0006,ROE,-6.12,0.09,1.36,-1.45,-2.37,1.42,2.95,3.40,5.83,4.88,1.66
0006,Revenue GR,33.84,1.04,11.78,8.71,-4.80,-5.98,-9.44,9.26,19.49,—,—
0006,Revenue GR 3Y avg,—,7.08,4.98,-0.91,-6.76,-2.38,5.74,15.71,17.39,—,—
0006,Revenue GR 5Y avg,—,1.91,-0.30,-0.76,1.14,5.70,9.86,12.14,10.10,—,—
0006,Revenue GR 10Y avg,—,5.81,5.74,4.53,—,—,—,—,—,—,—
0006,NP GR,—,—,-2.16,—,—,-35.30,-11.59,32.63,40.27,—,—
0006,NP GR 3Y avg,—,-49.88,-16.15,—,—,0.65,8.68,20.20,—,—,—
0006,NP GR 5Y avg,—,-26.19,0.40,—,—,—,—,—,—,—,—
0006,NP GR 10Y avg,0.0,0.0,0.0,0.0,0.0,0.0,0.0,0.0,0.0,0.0,0.0
0006,EPS GR,-124.10,-93.15,—,—,—,-50.63,-10.23,-38.89,25.76,—,—
0006,EPS GR 3Y avg,—,—,-2.18,—,—,-35.30,-11.64,32.89,40.43,—,—
0006,EPS GR 5Y avg,—,-49.87,-16.14,—,—,0.79,8.72,20.25,—,—,—
0006,EPS GR 10Y avg,—,-26.18,0.42,—,—,—,—,—,—,—,—
0006,OCF GR,—,—,—,—,—,—,—,—,—,—,—
0006,FCF GR,—,—,—,—,—,—,—,—,—,—,—
0006,D/E,0.18,—,—,—,0.01,0.01,0.02,0.01,—,—,—
0006,Price,0.9850,0.3300,0.3100,0.3100,0.3850,0.2900,0.3000,0.3600,0.3800,0.3200,0.3400
0007,Year End,TTM,2020-12,2019-12,2018-12,2017-12,2016-12,2015-12,2014-12,2013-12,2012-12,2011-12
0007,Revenue,13,9,47,52,43,26,27,53,21,19,16
0007,NP,-73,-75,-59,7,-19,3,2,10,1,1,2
0007,EPS,-0.09,-0.09,-0.14,0.02,-0.08,0.01,0.01,0.04,0.05,0.05,0.05
0007,DPS,—,—,—,—,—,—,—,—,0.05,0.03,—
0007,Div Payout,—,—,—,—,—,—,—,—,92.5,68.9,—
0007,Shares,607,869,437,423,370,285,302,258,237,30,29
0007,BVPS,0.16,0.31,0.55,0.61,0.68,0.78,0.44,0.40,0.06,0.51,0.40
0007,OCF,-16,-14,-7,-24,2,3,4,10,5,—,2
0007,FCF,-42,-28,-21,-51,-24,-9,-13,—,3,-1,2
0007,NP Margin,-583.53,-867.51,-126.00,12.53,-44.87,11.24,8.07,18.43,5.71,7.16,9.56
0007,ROE,-38.21,-40.76,-26.21,3.11,-11.07,1.93,1.74,8.66,2.04,9.16,11.34
0007,Revenue GR,247.96,-81.70,-10.40,21.93,67.10,-5.93,-48.76,152.85,9.54,20.44,3.25
0007,Revenue GR 3Y avg,—,-41.53,22.22,24.22,-6.96,6.82,12.38,49.41,10.85,11.50,-7.53
0007,Revenue GR 5Y avg,—,-20.67,-2.53,19.95,17.41,9.96,12.03,30.87,0.85,4.82,0.89
0007,Revenue GR 10Y avg,—,-5.73,12.95,9.98,10.93,5.33,—,—,—,—,—
0007,NP GR,—,—,—,43.80,—,33.86,16.99,86.00,16.52,20.20,21.99
0007,NP GR 3Y avg,—,—,—,40.35,—,13.59,23.71,65.44,7.44,40.25,79.14
0007,NP GR 5Y avg,—,—,—,22.80,—,42.65,—,—,—,—,—
0007,NP GR 10Y avg,0.0,0.0,0.0,0.0,0.0,0.0,0.0,0.0,0.0,0.0,0.0
0007,EPS GR,-51.39,—,—,—,—,52.00,-80.95,-1.64,-15.86,-12.12,75.53
0007,EPS GR 3Y avg,—,—,—,30.27,—,-34.21,-45.98,-10.07,9.08,11.36,13.79
0007,EPS GR 5Y avg,—,—,—,-16.16,—,-26.77,-24.63,2.71,1.73,33.65,71.88
0007,EPS GR 10Y avg,—,—,—,-7.65,—,12.19,—,—,—,—,—
0007,OCF GR,—,—,—,—,-14.13,-28.51,-58.88,111.31,—,-86.52,301.13
0007,FCF GR,—,—,—,—,—,—,—,-91.00,—,—,654.82
0007,D/E,0.02,0.02,0.02,0.02,0.03,0.05,0.03,—,—,—,—
0007,Price,0.1100,0.1600,0.0450,0.1150,0.3300,0.0650,0.1200,0.1350,0.2450,0.1400,0.1300
0010,Year End,TTM,2020-03,2019-03,2018-03,2017-03,2016-03,2015-03,2014-03,2013-03,2012-03,2010-12
0010,Revenue,109,230,229,335,438,476,564,573,537,484,366
0010,NP,-12,14,38,-124,-292,6,-21,23,21,44,28
0010,EPS,—,—,0.01,-0.05,-0.13,—,-0.01,0.01,0.01,0.03,0.02
0010,DPS,—,—,—,—,—,—,—,—,—,—,—
0010,Div Payout,—,—,—,—,—,—,—,28.1,27.0,—,—
0010,Shares,"2,978","2,966","2,735","2,412","2,233","2,077","2,040","1,868","1,606","1,532","1,416"
0010,BVPS,0.10,0.10,0.09,0.11,0.25,0.27,0.29,0.28,0.26,0.22,—
0010,OCF,8,-17,71,34,54,-48,-52,-73,17,111,-36
0010,FCF,6,-26,70,27,52,-76,-82,-123,-102,94,-48
0010,NP Margin,-11.04,5.97,16.69,-36.91,-66.75,1.27,-3.70,4.06,3.92,9.02,7.66
0010,ROE,-4.05,4.91,16.41,-51.27,-69.71,1.10,-3.81,4.82,5.14,10.84,8.56
0010,Revenue GR,-51.88,0.15,-31.51,-23.53,-8.11,-15.62,-1.53,6.73,11.01,24.99,—
0010,Revenue GR 3Y avg,—,-19.35,-21.63,-15.99,-8.60,-3.92,5.28,14.80,15.98,17.61,—
0010,Revenue GR 5Y avg,—,-16.47,-16.75,-9.02,-1.98,5.14,10.66,14.19,18.57,14.75,—
0010,Revenue GR 10Y avg,—,-3.53,-2.12,4.20,6.26,—,—,—,—,—,—
0010,NP GR,—,—,84.90,—,—,-34.01,—,-5.55,9.72,54.25,—
0010,NP GR 3Y avg,—,—,10.44,—,—,-25.31,—,16.01,21.62,52.44,—
0010,NP GR 5Y avg,—,-1.24,13.26,—,—,—,—,—,—,—,—
0010,NP GR 10Y avg,0.0,0.0,0.0,0.0,0.0,0.0,0.0,0.0,0.0,0.0,0.0
0010,EPS GR,-200.00,-67.14,—,—,—,—,—,-4.58,-54.04,33.88,—
0010,EPS GR 3Y avg,—,—,67.11,—,—,-38.82,—,-13.19,5.32,50.47,—
0010,EPS GR 5Y avg,—,—,2.29,—,—,-30.18,—,10.07,17.86,46.25,—
0010,EPS GR 10Y avg,—,-8.21,6.20,—,—,—,—,—,—,—,—
0010,OCF GR,—,—,107.84,-36.65,—,—,—,—,-84.24,—,—
0010,FCF GR,—,—,153.88,-47.09,—,—,—,—,—,—,—
0010,D/E,0.03,0.07,0.11,0.31,0.31,0.25,0.31,0.14,0.25,0.19,0.31
0010,Price,0.3300,0.3300,0.0800,0.1500,0.1900,0.1500,0.1600,0.3100,0.5150,0.1650,0.1900
0017,Year End,TTM,2019-12,2017-06,2016-06,2015-06,2014-06,2013-06,2012-06,2011-06,2010-06,2009-06
0017,Revenue,42,37,38,41,35,39,50,56,51,40,35
0017,NP,-8,-10,-7,-6,-4,-16,-8,4,5,2,5
0017,EPS,-0.01,-0.02,-0.01,-0.03,-0.02,-0.09,-0.05,0.02,0.03,0.01,0.03
0017,DPS,—,—,—,—,—,—,—,0.01,0.01,0.01,0.02
0017,Div Payout,—,—,—,—,—,—,—,—,—,—,—
0017,Shares,633,589,584,190,178,178,172,161,162,162,163
0017,BVPS,0.02,0.04,—,—,—,—,—,—,—,—,—
0017,OCF,-3,2,-15,5,-2,1,-3,5,7,1,—
0017,FCF,-6,—,-19,3,-4,-3,-8,2,6,—,—
0017,NP Margin,-18.52,-27.13,-18.34,-14.62,-12.37,-39.97,-16.17,7.15,9.26,4.33,15.27
0017,ROE,-34.15,-35.17,-18.28,-24.42,-15.78,-42.67,-17.27,8.40,10.42,3.88,12.17
0017,Revenue GR,35.69,-0.77,-6.26,14.86,-9.25,-22.03,-11.40,10.58,—,—,—
0017,Revenue GR 3Y avg,—,1.22,-0.77,-6.68,-14.41,-8.58,7.77,17.18,—,—,—
0017,Revenue GR 5Y avg,—,-4.38,-7.56,-4.45,-2.40,2.14,9.06,14.77,—,—,—
0017,Revenue GR 10Y avg,—,1.24,3.00,2.80,—,—,—,—,—,—,—
0017,NP GR,—,—,—,—,—,—,—,-9.03,—,—,—
0017,NP GR 3Y avg,—,—,—,—,—,—,—,—,—,—,—
0017,NP GR 5Y avg,—,—,—,—,—,—,—,—,—,—,—
0017,NP GR 10Y avg,0.0,0.0,0.0,0.0,0.0,0.0,0.0,0.0,0.0,0.0,0.0
0017,EPS GR,-27.03,—,—,—,—,—,—,-14.43,—,—,—
0017,EPS GR 3Y avg,—,—,—,—,—,—,—,-8.68,—,—,—
0017,EPS GR 5Y avg,—,—,—,—,—,—,—,—,—,—,—
0017,EPS GR 10Y avg,—,—,—,—,—,—,—,—,—,—,—
0017,OCF GR,—,—,—,—,—,—,—,-36.30,—,—,—
0017,FCF GR,—,—,—,—,—,—,—,-71.21,—,—,—
0017,D/E,0.06,0.07,0.02,0.02,0.02,0.03,0.02,—,—,—,—
0017,Price,0.0500,0.0500,0.0650,0.0300,0.0450,0.0500,0.0850,0.1350,0.0800,0.0950,0.1350
0018,Year End,TTM,2018-12,2017-12,2016-12,2015-06,2014-06,2013-06,2012-06,2011-06,2010-06,2009-06
0018,Revenue,86,92,85,18,2,1,1,—,2,7,9
0018,NP,13,17,19,-1,-1,-4,-2,-2,-1,-2,-3
0018,EPS,0.01,0.01,0.01,—,—,—,-0.01,—,—,—,—
0018,DPS,—,—,—,—,—,—,—,—,—,—,—
0018,Div Payout,—,—,—,—,—,—,—,—,—,—,—
0018,Shares,—,"2,308","2,744","2,040","1,105",926,397,809,734,691,663
0018,BVPS,0.04,—,—,—,—,—,—,—,—,—,—
0018,OCF,13,20,47,-19,-1,—,-1,—,—,-2,-2
0018,FCF,12,19,47,-19,-1,—,-1,-2,-1,-3,-2
0018,NP Margin,15.43,18.18,22.63,-8.07,-68.93,-331.60,-264.12,-339.12,-62.86,-28.86,-27.57
0018,ROE,11.32,15.59,21.76,-3.49,-18.83,-58.49,-42.65,-33.75,-17.66,-26.41,-27.11
0018,Revenue GR,-91.79,9.15,382.03,363.12,57.27,18.72,33.53,-67.17,—,—,—
0018,Revenue GR 3Y avg,—,210.22,244.27,130.87,35.60,-19.56,-49.95,-57.89,—,—,—
0018,Revenue GR 5Y avg,—,130.32,138.91,46.65,-25.20,-34.74,-37.53,-41.15,—,—,—
0018,Revenue GR 10Y avg,—,23.78,22.64,2.46,—,—,—,—,—,—,—
0018,NP GR,—,—,—,—,—,—,—,—,—,—,—
0018,NP GR 3Y avg,—,—,—,—,—,—,—,—,—,—,—
0018,NP GR 5Y avg,—,—,—,—,—,—,—,—,—,—,—
0018,NP GR 10Y avg,0.0,0.0,0.0,0.0,0.0,0.0,0.0,0.0,0.0,0.0,0.0
0018,EPS GR,-750.00,9.94,—,—,—,—,—,—,—,—,—
0018,EPS GR 3Y avg,—,—,—,—,—,—,—,—,—,—,—
0018,EPS GR 5Y avg,—,—,—,—,—,—,—,—,—,—,—
0018,EPS GR 10Y avg,—,—,—,—,—,—,—,—,—,—,—
0018,OCF GR,—,-57.71,—,—,—,—,—,—,—,—,—
0018,FCF GR,—,-59.89,—,—,—,—,—,—,—,—,—
0018,D/E,—,—,—,—,—,—,—,—,0.01,—,—
0018,Price,0.0250,0.0250,0.0600,0.1200,0.6050,0.3000,0.1800,0.1800,0.3200,0.1600,0.1000
0020,Year End,TTM,2020-11,2018-06,2017-06,2016-06,2015-06,2012-12,2011-12,2010-12,2009-12,2008-12
0020,Revenue,15,15,18,19,10,4,3,36,49,20,10
0020,NP,-22,-16,-10,1,-8,-12,-15,—,-4,-6,-11
0020,EPS,-0.06,-0.07,-0.10,0.02,-0.25,-0.37,-0.53,0.01,-0.15,-0.52,-1.19
0020,DPS,—,—,—,—,—,—,—,—,—,—,—
0020,Div Payout,—,—,—,—,—,—,—,—,—,—,—
0020,Shares,836,237,101,64,34,32,29,29,29,12,10
0020,BVPS,0.19,0.12,—,—,—,—,—,—,—,—,—
0020,OCF,-19,-23,-4,-17,-2,—,-2,16,8,—,—
0020,FCF,-24,-26,-15,-18,-5,—,-2,16,3,—,—
0020,NP Margin,-145.93,-106.53,-58.44,5.59,-85.02,-333.45,-540.61,0.40,-9.05,-29.86,-117.70
0020,ROE,-18.55,-12.94,-14.98,2.56,-28.02,-48.66,-40.67,0.32,-9.18,-17.68,-48.56
0020,Revenue GR,3.06,-6.58,-8.99,97.38,173.11,9.32,-92.08,-25.57,—,—,—
0020,Revenue GR 3Y avg,—,9.99,69.92,52.80,-25.22,-44.00,-47.78,55.27,—,—,—
0020,Revenue GR 5Y avg,—,23.13,-10.52,-13.25,-10.51,-14.17,-26.80,33.27,—,—,—
0020,Revenue GR 10Y avg,—,0.69,6.40,—,—,—,—,—,—,—,—
0020,NP GR,—,—,—,—,—,—,—,—,—,—,—
0020,NP GR 3Y avg,—,—,—,—,—,—,—,-10.44,—,—,—
0020,NP GR 5Y avg,—,—,—,—,—,—,—,—,—,—,—
0020,NP GR 10Y avg,0.0,0.0,0.0,0.0,0.0,0.0,0.0,0.0,0.0,0.0,0.0
0020,EPS GR,-46.38,—,—,—,—,—,—,—,—,—,—
0020,EPS GR 3Y avg,—,—,—,—,—,—,—,—,—,—,—
0020,EPS GR 5Y avg,—,—,—,—,—,—,—,-27.52,—,—,—
0020,EPS GR 10Y avg,—,—,—,—,—,—,—,—,—,—,—
0020,OCF GR,—,—,—,—,—,—,—,102.76,—,—,—
0020,FCF GR,—,—,—,—,—,—,—,525.55,—,—,—
0020,D/E,0.01,0.01,0.02,0.06,0.07,0.17,0.12,0.09,0.11,0.20,0.15
0020,Price,0.1300,0.1450,0.0200,0.0150,0.0200,0.0200,0.0500,0.0300,0.0550,0.0750,0.0850
0021,Year End,TTM,2020-12,2019-12,2018-12,2017-12,2016-12,2015-12,2014-12,2013-12,2012-12,2011-12
0021,Revenue,336,335,348,299,254,246,211,165,64,53,63
0021,NP,18,14,29,25,20,18,10,7,5,4,-26
0021,EPS,0.02,0.01,0.03,0.02,0.02,0.02,0.01,0.01,0.01,0.01,-0.08
0021,DPS,—,—,—,—,—,—,—,—,—,—,—
0021,Div Payout,—,—,—,—,—,—,—,—,—,—,—
0021,Shares,"1,212","1,205","1,125","1,061",985,977,973,836,395,343,338
0021,BVPS,0.43,0.42,0.40,0.35,0.27,0.26,0.24,0.17,0.13,0.12,0.18
0021,OCF,88,44,92,2,56,32,15,-9,-5,11,13
0021,FCF,70,27,65,-20,28,29,9,-20,-9,-4,8
0021,NP Margin,5.40,4.05,8.26,8.21,8.06,7.37,4.89,3.96,8.22,8.17,-41.53
0021,ROE,3.90,2.93,6.77,7.21,7.67,7.31,4.50,4.68,10.79,11.33,-53.54
0021,Revenue GR,1.79,-3.79,16.26,17.89,3.15,16.34,28.16,157.58,19.74,-14.75,-1.97
0021,Revenue GR 3Y avg,—,9.66,12.24,12.26,15.43,56.60,58.11,38.02,0.02,-2.19,6.28
0021,Revenue GR 5Y avg,—,9.62,16.09,36.11,36.53,31.42,27.00,23.61,4.15,0.82,5.54
0021,Revenue GR 10Y avg,—,17.99,19.79,19.06,17.32,17.77,—,—,—,—,—
0021,NP GR,—,-12.82,16.59,33.40,46.31,51.00,33.25,—,—,—,—
0021,NP GR 3Y avg,—,5.56,34.49,36.06,36.16,—,—,—,—,38.78,—
0021,NP GR 5Y avg,—,—,—,—,37.46,7.16,—,—,—,—,—
0021,NP GR 10Y avg,0.0,0.0,0.0,0.0,0.0,0.0,0.0,0.0,0.0,0.0,0.0
0021,EPS GR,333.33,-56.22,11.24,11.22,12.23,74.84,35.90,-41.50,3.82,—,—
0021,EPS GR 3Y avg,—,-18.48,11.56,29.71,38.67,11.60,-6.20,—,—,—,—
0021,EPS GR 5Y avg,—,1.23,26.96,11.65,10.12,—,—,—,—,38.34,—
0021,EPS GR 10Y avg,—,—,—,—,23.43,-18.95,—,—,—,—,—
0021,OCF GR,—,-51.53,—,-95.62,75.93,111.25,—,—,—,-20.56,206.70
0021,FCF GR,—,-58.09,—,—,-4.30,229.77,—,—,—,—,—
0021,D/E,0.04,0.03,0.06,0.04,0.06,0.07,0.07,0.05,0.01,0.07,0.10
0021,Price,1.7300,1.9000,1.3500,1.5800,1.5200,0.9000,0.9650,0.7200,0.7100,0.2700,0.2900
0022,Year End,TTM,2020-12,2019-12,2018-12,2017-12,2016-12,2015-12,2013-08,2012-08,2011-08,2010-08
0022,Revenue,1,16,162,162,—,—,—,4,13,4,4
0022,NP,-10,-9,-1,-12,2,-2,-1,-8,2,—,—
0022,EPS,-0.03,-0.03,—,-0.03,0.01,-0.16,-0.08,-0.77,0.20,0.01,-0.02
0022,DPS,—,—,—,—,—,—,—,—,—,—,—
0022,Div Payout,—,—,—,—,—,—,—,—,—,—,—
0022,Shares,437,355,354,359,260,10,10,10,10,10,10
0022,BVPS,0.08,0.03,0.04,0.06,—,—,-0.68,—,—,—,—
0022,OCF,-25,-12,-2,-2,—,—,—,-2,5,—,—
0022,FCF,-25,-12,-3,-3,—,—,—,-3,-3,—,—
0022,NP Margin,-851.22,-59.28,-0.86,-7.41,—,—,—,-190.25,15.41,2.90,-4.95
0022,ROE,-39.28,-83.32,-8.63,-242.96,—,—,—,-171.92,26.20,1.92,-3.16
0022,Revenue GR,-100.60,-90.12,0.17,—,—,—,-96.07,-68.25,198.57,3.18,—
0022,Revenue GR 3Y avg,—,—,—,4154.73,—,—,-82.71,-0.73,36.87,11.17,—
0022,Revenue GR 5Y avg,—,497.58,79.19,49.48,—,—,-70.63,5.43,36.53,13.30,—
0022,Revenue GR 10Y avg,—,10.92,41.80,43.60,—,—,—,—,—,—,—
0022,NP GR,—,—,—,—,—,—,—,—,—,—,—
0022,NP GR 3Y avg,—,—,—,—,48.64,—,—,—,—,—,—
0022,NP GR 5Y avg,—,—,—,—,—,—,—,—,—,—,—
0022,NP GR 10Y avg,0.0,0.0,0.0,0.0,0.0,0.0,0.0,0.0,0.0,0.0,0.0
0022,EPS GR,2.38,—,—,—,—,—,—,—,—,—,—
0022,EPS GR 3Y avg,—,—,—,—,—,—,—,—,—,—,—
0022,EPS GR 5Y avg,—,—,—,—,48.65,—,—,—,—,—,—
0022,EPS GR 10Y avg,—,—,—,—,—,—,—,—,—,—,—
0022,OCF GR,—,—,—,—,—,—,—,—,—,-50.01,—
0022,FCF GR,—,—,—,—,—,—,—,—,—,—,—
0022,D/E,0.06,0.29,0.16,0.05,—,—,—,—,—,—,—
0022,Price,0.3050,0.5150,0.1450,0.0850,0.0500,0.0050,0.0500,0.0200,0.0600,0.1250,0.2600
0024,Year End,TTM,2020-12,2019-12,2018-12,2017-12,2016-12,2015-12,2014-12,2013-12,2012-12,2011-12
0024,Revenue,185,159,140,154,144,94,85,130,136,1,1
0024,NP,13,9,-12,2,8,2,-20,6,8,—,—
0024,EPS,0.03,0.02,-0.03,—,0.02,0.01,-0.07,0.02,0.03,0.05,-0.01
0024,DPS,—,—,—,—,—,—,—,0.02,—,—,—
0024,Div Payout,—,—,—,44.9,14.7,—,—,11.9,—,—,—
0024,Shares,537,457,381,352,323,308,296,280,254,181,28
0024,BVPS,0.34,0.29,0.31,0.39,0.41,0.40,0.40,0.35,0.01,0.11,0.09
0024,OCF,19,6,-9,7,—,14,-3,8,-2,-1,—
0024,FCF,12,1,-15,-1,-5,11,-11,-5,-6,-1,—
0024,NP Margin,7.05,5.76,-8.53,1.10,5.81,2.15,-23.33,4.85,5.57,-13.10,-21.59
0024,ROE,7.81,5.58,-7.78,1.13,6.17,1.62,-16.51,5.93,14.97,-3.61,-7.59
0024,Revenue GR,69.95,13.96,-9.65,7.51,53.48,10.36,-34.97,-3.93,16591.66,-7.09,-8.10
0024,Revenue GR 3Y avg,—,3.45,14.24,22.12,3.27,-11.66,370.69,430.13,422.34,-14.54,-7.68
0024,Revenue GR 5Y avg,—,13.40,1.36,2.61,181.46,154.58,145.42,151.23,161.39,-12.86,-18.86
0024,Revenue GR 10Y avg,—,66.83,59.58,63.78,56.61,43.72,—,—,—,—,—
0024,NP GR,—,3.16,—,—,9.69,-35.68,—,—,—,—,—
0024,NP GR 3Y avg,—,—,—,-25.84,—,—,—,—,—,—,—
0024,NP GR 5Y avg,—,—,—,—,—,—,—,—,—,—,—
0024,NP GR 10Y avg,0.0,0.0,0.0,0.0,0.0,0.0,0.0,0.0,0.0,0.0,0.0
0024,EPS GR,215.63,—,—,-81.54,288.89,—,—,-44.37,—,—,—
0024,EPS GR 3Y avg,—,-8.22,—,—,4.69,-45.25,—,—,—,—,—
0024,EPS GR 5Y avg,—,—,—,-34.80,—,—,—,—,—,—,—
0024,EPS GR 10Y avg,—,—,—,—,—,—,—,—,—,—,—
0024,OCF GR,—,—,—,—,—,—,—,—,—,—,—
0024,FCF GR,—,—,—,—,—,—,—,—,—,—,—
0024,D/E,0.11,0.10,0.14,0.06,0.06,0.08,0.09,0.10,0.01,—,—
0024,Price,0.3750,0.2700,0.0350,0.0500,0.1000,0.1150,0.1050,0.1550,0.5650,0.2200,0.2000
0025,Year End,TTM,2020-03,2019-03,2018-03,2017-03,2015-12,2014-12,2013-12,2012-12,2011-12,2010-12
0025,Revenue,61,68,69,77,90,57,58,55,25,34,37
0025,NP,1,1,3,—,2,-5,—,8,1,4,5
0025,EPS,—,—,0.01,—,0.01,-0.02,—,0.03,—,0.02,0.03
0025,DPS,—,—,—,—,—,—,—,—,—,0.01,0.02
0025,Div Payout,—,—,—,31.6,—,—,—,—,—,—,—
0025,Shares,243,241,242,242,242,242,241,234,188,189,187
0025,BVPS,0.24,0.24,0.24,0.23,0.23,—,—,—,—,—,—
0025,OCF,5,5,7,6,7,6,7,12,4,11,8
0025,FCF,3,3,5,4,1,3,2,6,3,8,4
0025,NP Margin,1.01,0.90,3.93,0.41,2.56,-9.37,0.75,13.66,2.02,10.44,14.47
0025,ROE,1.03,1.05,4.80,0.57,4.26,-9.52,0.75,15.64,1.21,8.14,12.44
0025,Revenue GR,1.05,-1.87,-9.94,-14.80,44.37,-1.56,4.12,122.68,-26.15,-7.94,—
0025,Revenue GR 3Y avg,—,-9.03,6.15,9.09,16.04,31.66,19.63,14.82,-5.22,1.12,—
0025,Revenue GR 5Y avg,—,3.08,4.25,23.87,20.53,9.18,14.57,11.20,-2.55,3.98,—
0025,Revenue GR 10Y avg,—,8.53,7.58,10.19,12.15,—,—,—,—,—,—
0025,NP GR,—,-35.74,—,-9.37,-30.72,—,-50.35,12.65,-38.29,-12.40,—
0025,NP GR 3Y avg,—,6.84,-17.75,-8.68,-7.80,—,-27.46,7.65,-37.33,-13.24,—
0025,NP GR 5Y avg,—,-11.54,-6.21,-23.99,-10.49,—,—,—,—,—,—
0025,NP GR 10Y avg,0.0,0.0,0.0,0.0,0.0,0.0,0.0,0.0,0.0,0.0,0.0
0025,EPS GR,-253.33,-77.68,761.54,-86.32,—,—,-94.38,—,-85.56,-33.92,—
0025,EPS GR 3Y avg,—,-35.92,—,-9.53,-31.19,—,-54.17,4.18,-38.31,-12.59,—
0025,EPS GR 5Y avg,—,6.45,-18.13,-13.00,-12.10,—,-30.99,2.71,-37.45,-15.42,—
0025,EPS GR 10Y avg,—,-13.83,-8.55,-25.92,-13.73,—,—,—,—,—,—
0025,OCF GR,—,-34.12,12.31,-2.68,5.93,-11.64,-41.69,218.28,-64.54,27.54,—
0025,FCF GR,—,-47.97,33.67,286.42,-61.98,66.38,-65.79,93.00,-62.01,109.79,—
0025,D/E,0.07,0.04,0.03,0.06,0.09,0.18,0.21,0.23,0.01,0.01,0.01
0025,Price,0.3600,0.3600,0.0900,0.1300,0.1550,0.1850,0.1450,0.1700,0.1800,0.2200,0.2000
0026,Year End,TTM,2020-03,2019-03,2018-03,2017-03,2016-03,2015-03,2014-03,2013-03,2012-03,2011-03
0026,Revenue,31,39,53,73,97,31,32,32,31,32,24
0026,NP,-13,-3,8,-3,-20,1,1,1,-5,-4,—
0026,EPS,-0.02,—,0.01,—,-0.03,—,—,—,-0.01,-0.01,—
0026,DPS,—,—,—,—,—,—,—,—,—,—,—
0026,Div Payout,—,—,—,—,—,—,—,—,—,—,—
0026,Shares,"1,080",752,746,684,665,461,436,403,420,403,403
0026,BVPS,0.05,0.08,0.08,0.06,0.08,0.09,0.08,0.06,0.06,0.06,—
0026,OCF,4,1,-9,-6,—,2,-5,4,-2,6,—
0026,FCF,-5,-8,-17,-13,-6,-5,-7,4,-2,6,—
0026,NP Margin,-40.71,-8.57,15.53,-3.60,-21.10,1.66,3.61,2.24,-15.05,-13.63,1.13
0026,ROE,-21.38,-6.27,17.46,-6.37,-45.08,1.22,3.82,3.25,-19.56,-15.95,0.96
0026,Revenue GR,-41.32,-25.81,-27.34,-24.62,212.51,-4.04,-0.34,5.57,-4.92,32.03,—
0026,Revenue GR 3Y avg,—,-25.94,19.62,31.24,44.04,0.32,0.01,9.84,11.27,14.54,—
0026,Revenue GR 5Y avg,—,4.03,10.36,18.92,24.57,4.85,7.71,8.57,11.89,12.74,—
0026,Revenue GR 10Y avg,—,5.85,9.46,15.35,18.51,7.75,—,—,—,—,—
0026,NP GR,—,—,152.24,—,—,—,—,38.05,—,—,—
0026,NP GR 3Y avg,—,—,62.51,—,—,13.19,8.41,-3.00,—,—,—
0026,NP GR 5Y avg,—,—,25.55,—,—,—,—,—,—,—,—
0026,NP GR 10Y avg,0.0,0.0,0.0,0.0,0.0,0.0,0.0,0.0,0.0,0.0,0.0
0026,EPS GR,—,—,—,—,—,-58.43,57.06,—,—,—,—
0026,EPS GR 3Y avg,—,—,115.05,—,—,—,—,34.42,—,—,—
0026,EPS GR 5Y avg,—,—,45.38,—,—,9.66,4.92,-7.42,—,—,—
0026,EPS GR 10Y avg,—,—,16.01,—,—,—,—,—,—,—,—
0026,OCF GR,—,—,—,—,-87.13,—,—,—,—,—,—
0026,FCF GR,—,—,—,—,—,—,—,—,—,—,—
0026,D/E,0.01,0.02,—,0.45,—,—,—,—,—,0.03,—
0026,Price,0.0900,0.0900,0.0350,0.1250,0.1000,0.0950,0.0950,0.1750,0.0700,0.0500,0.0800
0028,Year End,TTM,2020-06,2019-06,2018-06,2017-06,2016-06,2015-06,2014-06,2013-06,2012-06,2011-06
0028,Revenue,50,20,16,22,26,24,19,23,25,18,21
0028,NP,-19,-29,-5,1,4,2,-3,-3,-3,1,5
0028,EPS,-0.03,-0.04,-0.01,—,0.01,—,-0.01,—,-0.01,—,0.02
0028,DPS,—,—,—,—,—,—,—,—,—,—,—
0028,Div Payout,—,—,—,100.0,—,—,—,—,—,49.5,—
0028,Shares,841,690,653,654,646,617,609,616,494,302,293
0028,BVPS,0.14,0.13,0.17,0.18,0.18,0.18,0.17,0.19,0.09,0.11,—
0028,OCF,-5,-2,-1,2,8,-1,-1,3,2,3,7
0028,FCF,-12,-7,-8,1,5,-4,-1,1,1,2,5
0028,NP Margin,-38.53,-146.05,-31.12,6.47,17.19,6.63,-15.38,-11.22,-10.15,3.20,24.27
0028,ROE,-17.10,-27.68,-4.29,1.30,4.05,1.51,-2.83,-2.44,-3.64,1.68,16.29
0028,Revenue GR,325.91,26.29,-30.24,-14.61,9.28,27.28,-16.96,-10.43,37.24,-14.38,—
0028,Revenue GR 3Y avg,—,-9.05,-13.34,5.90,4.92,-1.81,0.69,1.72,11.37,-26.67,—
0028,Revenue GR 5Y avg,—,0.91,-7.21,-2.45,7.26,2.15,0.54,-13.48,-20.40,-19.57,—
0028,Revenue GR 10Y avg,—,0.73,-10.40,-11.88,-7.12,-3.17,—,—,—,—,—
0028,NP GR,—,—,—,—,—,—,—,—,—,—,—
0028,NP GR 3Y avg,—,—,—,—,50.09,-21.19,—,—,—,28.36,—
0028,NP GR 5Y avg,—,—,—,44.90,38.80,28.00,—,—,—,—,—
0028,NP GR 10Y avg,0.0,0.0,0.0,0.0,0.0,0.0,0.0,0.0,0.0,0.0,0.0
0028,EPS GR,-156.81,—,—,-68.42,171.43,—,—,—,—,-89.18,—
0028,EPS GR 3Y avg,—,—,—,—,—,—,—,—,—,—,—
0028,EPS GR 5Y avg,—,—,—,—,29.34,-32.10,—,—,—,28.47,—
0028,EPS GR 10Y avg,—,—,—,37.41,28.90,18.80,—,—,—,—,—
0028,OCF GR,—,—,—,-72.45,—,—,—,22.32,-22.38,-61.32,—
0028,FCF GR,—,—,—,-75.15,—,—,—,69.44,-61.82,-59.48,—
0028,D/E,0.02,0.04,0.04,—,—,—,—,—,0.01,—,0.01
0028,Price,0.2700,0.1050,0.2000,0.1350,0.2200,0.1450,0.1800,0.3000,0.2150,0.2200,0.0700
0029,Year End,TTM,2020-09,2019-09,2018-09,2017-09,2016-09,2015-09,2014-09,2013-09,2012-09,2011-09
0029,Revenue,14,26,57,57,63,167,134,110,48,70,98
0029,NP,-9,-3,-3,-18,-2,13,-17,-6,-11,6,20
0029,EPS,-0.01,—,—,-0.03,—,0.02,-0.04,-0.02,-0.04,0.02,0.08
0029,DPS,—,—,—,—,—,—,—,—,—,—,—
0029,Div Payout,—,—,—,—,—,—,—,—,—,—,—
0029,Shares,891,823,687,683,585,529,515,403,370,328,234
0029,BVPS,0.05,0.08,0.09,0.15,0.15,0.17,0.18,0.23,0.23,0.22,0.22
0029,OCF,34,35,28,20,35,-93,-103,-66,-13,-6,6
0029,FCF,39,32,18,18,34,-94,-105,-68,-14,-9,2
0029,NP Margin,-62.03,-10.47,-5.02,-31.41,-2.65,7.78,-12.51,-5.15,-22.42,8.56,19.96
0029,ROE,-15.00,-4.54,-4.59,-22.54,-1.85,17.08,-23.77,-8.05,-17.60,10.33,44.60
0029,Revenue GR,-46.65,-53.74,-0.90,-9.68,-62.08,24.90,22.07,127.19,-30.53,-28.94,33.49
0029,Revenue GR 3Y avg,—,-25.47,-30.25,-24.65,-16.69,51.31,24.43,3.89,-12.98,15.85,23.45
0029,Revenue GR 5Y avg,—,-27.81,-12.35,3.48,-1.82,11.32,12.81,19.67,-1.47,12.69,28.07
0029,Revenue GR 10Y avg,—,-9.75,2.42,0.97,5.19,19.41,—,—,—,—,—
0029,NP GR,—,—,—,—,—,—,—,—,—,111.21,219.88
0029,NP GR 3Y avg,—,—,—,—,—,-7.80,—,—,—,—,—
0029,NP GR 5Y avg,—,—,—,—,—,—,—,—,—,—,—
0029,NP GR 10Y avg,0.0,0.0,0.0,0.0,0.0,0.0,0.0,0.0,0.0,0.0,0.0
0029,EPS GR,375.46,—,—,—,—,—,—,—,—,-78.29,309.15
0029,EPS GR 3Y avg,—,—,—,—,—,—,—,—,—,80.89,208.66
0029,EPS GR 5Y avg,—,—,—,—,—,-21.63,—,—,—,—,—
0029,EPS GR 10Y avg,—,—,—,—,—,—,—,—,—,—,—
0029,OCF GR,—,26.94,37.73,-41.94,—,—,—,—,—,—,-58.08
0029,FCF GR,—,83.58,-0.20,-48.57,—,—,—,—,—,—,-74.59
0029,D/E,4.01,3.58,4.25,4.33,2.28,3.37,4.19,3.49,3.91,0.02,0.02
0029,Price,0.0750,0.0650,0.0400,0.0800,0.1450,0.1600,0.2000,0.3000,0.2900,0.3800,0.4100
0034,Year End,TTM,2020-03,2019-03,2018-03,2017-03,2016-03,2015-03,2014-03,2013-03,2012-03,2011-03
0034,Revenue,218,183,75,141,246,234,407,613,554,64,6
0034,NP,-18,-28,-22,-18,-21,-19,-25,2,6,-3,-1
0034,EPS,-0.02,-0.04,-0.04,-0.05,-0.02,-0.08,-0.11,0.01,0.04,-0.04,-0.04
0034,DPS,—,—,—,—,—,—,—,—,—,—,—
0034,Div Payout,—,—,—,—,—,—,—,—,—,—,—
0034,Shares,"1,113",705,569,330,954,244,232,200,153,86,34
0034,BVPS,0.15,0.13,0.15,0.20,0.24,0.31,0.39,0.41,0.39,0.08,—
0034,OCF,-56,-19,-25,-10,5,4,-2,-26,-7,-12,-2
0034,FCF,-86,-24,-58,-18,4,-7,-11,-35,-23,-13,-2
0034,NP Margin,-8.27,-15.27,-29.53,-12.76,-8.73,-8.01,-6.07,0.28,1.07,-5.01,-22.67
0034,ROE,-13.78,-29.90,-24.34,-28.63,-37.40,-24.21,-26.72,2.20,11.21,-10.71,-11.77
0034,Revenue GR,10.70,143.08,-46.81,-42.49,4.99,-42.55,-33.62,10.77,765.93,927.68,—
0034,Revenue GR 3Y avg,—,-9.41,-31.52,-29.74,-26.30,-24.97,85.34,361.94,369.58,76.96,—
0034,Revenue GR 5Y avg,—,-14.82,-34.29,-23.91,30.88,106.54,137.85,121.36,124.84,46.38,—
0034,Revenue GR 10Y avg,—,42.34,20.60,30.80,38.41,35.77,—,—,—,—,—
0034,NP GR,—,—,—,—,—,—,—,—,—,—,—
0034,NP GR 3Y avg,—,—,—,—,—,—,—,—,—,—,—
0034,NP GR 5Y avg,—,—,—,—,—,—,—,—,—,—,—
0034,NP GR 10Y avg,0.0,0.0,0.0,0.0,0.0,0.0,0.0,0.0,0.0,0.0,0.0
0034,EPS GR,-12.37,—,—,—,—,—,—,-79.05,—,—,—
0034,EPS GR 3Y avg,—,—,—,—,—,—,—,—,—,—,—
0034,EPS GR 5Y avg,—,—,—,—,—,—,—,—,—,—,—
0034,EPS GR 10Y avg,—,—,—,—,—,—,—,—,—,—,—
0034,OCF GR,—,—,—,—,21.48,—,—,—,—,—,—
0034,FCF GR,—,—,—,—,—,—,—,—,—,—,—
0034,D/E,0.12,0.19,0.15,0.11,0.16,0.12,0.08,0.06,0.09,—,—
0034,Price,0.2800,0.2800,0.1950,0.2250,0.1700,0.0500,0.0600,0.0850,0.1000,0.0950,0.1000
0035,Year End,TTM,2020-03,2019-03,2018-03,2017-03,2016-03,2015-03,2014-03,2013-03,2012-03,2011-03
0035,Revenue,55,44,75,104,93,103,79,50,106,128,36
0035,NP,-7,-8,—,7,7,7,4,3,13,20,20
0035,EPS,-0.04,-0.05,—,0.04,0.04,0.04,0.03,0.02,0.08,0.12,0.13
0035,DPS,—,—,0.01,0.02,0.02,0.01,0.01,—,0.01,0.02,0.03
0035,Div Payout,—,—,29.7,153.8,52.8,27.4,38.7,—,11.2,28.7,—
0035,Shares,161,161,161,161,161,161,161,161,161,161,161
0035,BVPS,0.44,0.54,0.55,0.52,0.54,0.50,0.47,0.44,0.47,0.54,—
0035,OCF,6,2,4,-9,6,5,8,-2,27,10,30
0035,FCF,5,2,-3,-12,—,—,8,-6,25,8,28
0035,NP Margin,-13.52,-17.76,0.61,6.44,7.70,7.24,5.59,5.54,12.19,15.63,56.31
0035,ROE,-8.96,-9.22,0.51,7.56,8.44,9.33,5.93,3.72,16.93,24.56,25.33
0035,Revenue GR,75.24,-40.40,-28.20,11.19,-8.94,29.13,57.62,-52.56,-16.88,255.43,—
0035,Revenue GR 3Y avg,—,-21.93,-10.08,9.35,22.84,-1.16,-14.66,11.90,89.75,135.89,—
0035,Revenue GR 5Y avg,—,-10.96,8.15,-0.45,-6.08,23.32,38.57,38.93,68.09,93.90,—
0035,Revenue GR 10Y avg,—,11.07,22.58,29.36,34.95,18.66,—,—,—,—,—
0035,NP GR,—,—,-60.65,14.60,37.12,-16.94,-39.43,-48.35,10.53,48.38,—
0035,NP GR 3Y avg,—,—,-30.51,-12.40,-18.48,-18.18,-14.28,-14.53,23.24,56.31,—
0035,NP GR 5Y avg,—,—,-22.93,3.90,12.89,-3.74,—,—,—,—,—
0035,NP GR 10Y avg,0.0,0.0,0.0,0.0,0.0,0.0,0.0,0.0,0.0,0.0,0.0
0035,EPS GR,229.63,—,-93.17,-8.89,-2.17,64.29,59.09,-78.00,-35.48,-1.27,—
0035,EPS GR 3Y avg,—,—,-60.66,13.56,36.74,-16.84,-39.11,-48.06,10.36,48.43,—
0035,EPS GR 5Y avg,—,—,-30.76,-12.51,-18.35,-18.20,-14.00,-14.23,23.15,55.59,—
0035,EPS GR 10Y avg,—,—,-22.94,3.80,12.71,-3.74,—,—,—,—,—
0035,OCF GR,—,-40.40,—,—,24.49,-35.69,—,—,182.66,-67.80,—
0035,FCF GR,—,—,—,—,—,—,—,—,226.34,-72.50,—
0035,D/E,—,—,—,—,—,—,—,—,—,—,—
0035,Price,0.6350,0.6350,0.3000,0.6650,0.3700,0.6150,0.6600,1.0600,0.7050,0.7450,0.7800
0036,Year End,TTM,2020-03,2019-03,2018-03,2015-12,2014-12,2013-12,2012-12,2011-12,2010-12,2009-12
0036,Revenue,50,40,44,27,38,57,23,9,29,48,78
0036,NP,22,-16,-7,-10,-9,-4,-2,-5,-6,-2,1
0036,EPS,0.02,-0.03,-0.01,—,-0.05,-0.02,-0.02,-0.08,-0.10,-0.04,0.03
0036,DPS,—,—,—,—,—,—,—,—,—,—,—
0036,Div Payout,—,—,—,—,—,—,—,—,—,—,—
0036,Shares,"2,164",614,571,"1,064",191,191,160,62,58,58,58
0036,BVPS,0.07,0.10,0.12,0.15,—,—,—,—,—,—,—
0036,OCF,12,13,-5,1,-3,-4,-6,6,5,3,—
0036,FCF,-6,1,-14,-22,-3,-10,-6,5,4,3,—
0036,NP Margin,42.91,-40.15,-15.74,-35.54,-23.98,-7.45,-10.96,-52.91,-21.67,-4.48,1.89
0036,ROE,18.87,-24.04,-9.32,-16.70,-24.78,-9.86,-8.98,-49.53,-49.68,-12.62,8.59
0036,Revenue GR,73.52,-9.54,64.11,—,-33.22,153.29,150.37,-68.91,-38.97,—,—
0036,Revenue GR 3Y avg,—,—,4.55,-20.72,61.79,25.39,-21.97,-51.29,-7.36,—,—
0036,Revenue GR 5Y avg,—,-6.62,13.62,23.14,-4.28,-6.03,-9.15,-22.92,—,—,—
0036,Revenue GR 10Y avg,—,-6.33,1.87,-2.02,—,—,—,—,—,—,—
0036,NP GR,—,—,—,—,—,—,—,—,—,—,—
0036,NP GR 3Y avg,—,—,—,—,—,—,—,—,—,—,—
0036,NP GR 5Y avg,—,—,—,—,—,—,—,—,—,—,—
0036,NP GR 10Y avg,0.0,0.0,0.0,0.0,0.0,0.0,0.0,0.0,0.0,0.0,0.0
0036,EPS GR,37.18,—,—,—,—,—,—,—,—,—,—
0036,EPS GR 3Y avg,—,—,—,—,—,—,—,—,—,—,—
0036,EPS GR 5Y avg,—,—,—,—,—,—,—,—,—,—,—
0036,EPS GR 10Y avg,—,—,—,—,—,—,—,—,—,—,—
0036,OCF GR,—,—,—,—,—,—,—,21.67,30.85,—,—
0036,FCF GR,—,—,—,—,—,—,—,26.50,61.79,—,—
0036,D/E,0.08,0.24,0.01,0.06,0.19,0.15,—,0.28,0.67,0.70,—
0036,Price,0.0400,0.0400,0.0150,0.0450,0.0750,0.0650,0.0650,0.0450,0.0600,0.0650,0.1000
0038,Year End,TTM,2020-12,2019-12,2018-12,2017-12,2016-12,2015-12,2014-12,2013-12,2012-12,2011-12
0038,Revenue,188,168,119,47,47,58,56,52,63,55,56
0038,NP,-6,-12,-2,-5,-3,1,2,—,1,1,—
0038,EPS,-0.03,-0.05,-0.01,-0.03,-0.02,0.01,0.01,—,0.01,0.01,—
0038,DPS,—,—,—,—,—,—,—,—,—,—,—
0038,Div Payout,—,—,—,—,—,—,—,—,—,—,—
0038,Shares,259,252,186,155,150,150,150,150,150,150,150
0038,BVPS,0.12,0.11,0.16,0.16,0.22,0.23,0.23,0.21,0.21,0.19,0.18
0038,OCF,-20,-9,11,-4,—,—,4,1,4,3,4
0038,FCF,-20,-9,11,-4,-1,-1,3,1,3,3,4
0038,NP Margin,-3.35,-7.06,-1.88,-10.70,-7.36,2.01,2.75,-0.28,1.99,2.18,0.27
0038,ROE,-17.91,-41.06,-7.47,-16.32,-10.56,3.37,4.76,-0.47,4.14,4.18,0.55
0038,Revenue GR,81.77,41.42,150.39,0.05,-17.93,2.51,9.02,-17.95,13.85,-1.25,5.71
0038,Revenue GR 3Y avg,—,52.45,27.16,-5.58,-2.84,-2.85,0.61,-2.65,5.92,9.47,3.44
0038,Revenue GR 5Y avg,—,24.41,18.10,-5.52,-3.04,0.61,1.23,4.15,4.47,-5.04,0.16
0038,Revenue GR 10Y avg,—,12.22,10.91,-0.65,-4.05,0.38,—,—,—,—,—
0038,NP GR,—,—,—,—,—,-2.50,8.78,—,—,—,-32.82
0038,NP GR 3Y avg,—,—,—,—,—,49.94,—,—,19.92,-11.91,-26.31
0038,NP GR 5Y avg,—,—,—,—,—,5.12,—,—,—,—,—
0038,NP GR 10Y avg,0.0,0.0,0.0,0.0,0.0,0.0,0.0,0.0,0.0,0.0,0.0
0038,EPS GR,-923.81,—,—,—,—,-25.24,—,—,3.75,700.00,—
0038,EPS GR 3Y avg,—,—,—,—,—,-2.47,8.79,—,—,—,-34.14
0038,EPS GR 5Y avg,—,—,—,—,—,50.42,—,—,18.85,-12.94,-27.81
0038,EPS GR 10Y avg,—,—,—,—,—,4.21,—,—,—,—,—
0038,OCF GR,—,—,—,—,—,—,297.52,-69.88,34.90,-34.71,57.61
0038,FCF GR,—,—,—,—,—,—,526.95,-84.56,24.66,-33.07,59.13
0038,D/E,—,0.01,0.01,0.02,—,—,—,—,—,—,—
0038,Price,0.3750,0.5050,0.1050,0.1300,0.2750,0.1450,0.1400,0.1350,0.1150,0.0800,0.0800
0041,Year End,TTM,2020-03,2019-03,2016-12,2015-12,2014-12,2013-12,2012-12,2011-12,2010-12,2009-12
0041,Revenue,2,4,10,31,42,36,34,52,54,47,46
0041,NP,-7,-7,-13,-8,4,-9,4,12,13,11,11
0041,EPS,-0.01,-0.01,-0.02,-0.02,0.01,-0.02,0.01,0.02,0.03,0.02,0.04
0041,DPS,—,—,—,—,—,—,0.01,0.01,—,—,—
0041,Div Payout,—,—,—,—,—,—,—,—,—,—,—
0041,Shares,"1,031",584,531,483,483,483,484,482,478,476,309
0041,BVPS,0.03,0.05,0.05,—,—,—,—,—,—,—,—
0041,OCF,-68,-2,1,-1,5,2,5,—,16,8,—
0041,FCF,-69,-4,1,-3,1,-5,-9,-10,14,7,—
0041,NP Margin,-343.47,-167.84,-125.54,-25.12,10.10,-23.74,12.76,22.91,23.96,22.58,24.07
0041,ROE,-18.36,-18.99,-54.66,-13.05,6.68,-12.43,5.84,16.72,21.28,21.53,29.60
0041,Revenue GR,-59.96,-57.46,-38.34,-27.24,16.48,7.18,-34.73,-4.38,16.87,—,—
0041,Revenue GR 3Y avg,—,-41.22,-25.52,-3.15,-6.60,-12.54,-9.99,4.49,33.22,—,—
0041,Revenue GR 5Y avg,—,-27.81,-22.70,-10.73,-1.86,-4.41,8.09,20.07,27.93,—,—
0041,Revenue GR 10Y avg,—,-13.62,-5.98,6.86,—,—,—,—,—,—,—
0041,NP GR,—,—,—,—,-28.91,—,-25.57,2.78,32.41,—,—
0041,NP GR 3Y avg,—,—,—,—,-16.44,—,-5.05,13.18,21.16,—,—
0041,NP GR 5Y avg,—,—,—,—,—,—,—,—,—,—,—
0041,NP GR 10Y avg,0.0,0.0,0.0,0.0,0.0,0.0,0.0,0.0,0.0,0.0,0.0
0041,EPS GR,-8.33,—,—,—,—,—,-63.84,-9.34,23.53,—,—
0041,EPS GR 3Y avg,—,—,—,—,-29.02,—,-26.02,-11.37,14.37,—,—
0041,EPS GR 5Y avg,—,—,—,—,-16.73,—,-13.28,-4.98,2.10,—,—
0041,EPS GR 10Y avg,—,—,—,—,—,—,—,—,—,—,—
0041,OCF GR,—,—,—,—,92.03,-53.14,—,-98.45,96.80,—,—
0041,FCF GR,—,—,—,—,—,—,—,—,116.10,—,—
0041,D/E,0.01,0.01,—,0.01,0.01,0.19,0.12,0.05,0.01,0.01,—
0041,Price,1.3700,0.0600,0.2400,0.2750,0.2450,0.3000,0.2950,0.3050,0.3000,0.3350,0.4200
0043,Year End,TTM,2020-06,2019-06,2016-12,2015-12,2014-12,2013-12,2012-12,2011-12,2010-12,2009-12
0043,Revenue,22,19,27,48,36,33,31,36,57,71,60
0043,NP,-9,-17,-15,-5,4,1,5,-26,-5,-3,-2
0043,EPS,-0.01,-0.01,-0.02,-0.02,0.01,—,0.02,-0.11,-0.02,-0.01,-0.01
0043,DPS,—,—,—,—,—,—,—,—,—,—,—
0043,Div Payout,—,—,—,—,—,—,—,—,—,—,—
0043,Shares,"1,668","1,216",827,289,278,264,246,242,242,242,242
0043,BVPS,0.06,0.08,0.05,—,—,—,—,—,—,—,—
0043,OCF,12,-3,2,-7,-4,-4,-15,2,9,-3,—
0043,FCF,12,-3,—,-7,-5,-4,-15,1,8,-4,—
0043,NP Margin,-43.23,-91.86,-54.64,-10.41,10.93,3.75,16.62,-71.63,-8.94,-4.09,-3.51
0043,ROE,-8.68,-19.72,-17.90,-8.38,7.62,2.72,13.12,-63.37,-10.09,-4.62,-2.82
0043,Revenue GR,66.60,-29.99,-20.39,32.29,9.92,6.47,-14.11,-36.17,-20.31,—,—
0043,Revenue GR 3Y avg,—,-13.37,-4.24,15.68,0.17,-16.43,-24.12,-15.31,3.11,—,—
0043,Revenue GR 5Y avg,—,-7.24,-4.28,-3.23,-12.56,-11.09,-9.68,-8.12,-12.58,—,—
0043,Revenue GR 10Y avg,—,-8.31,-5.97,-8.02,—,—,—,—,—,—,—
0043,NP GR,—,—,—,—,—,—,—,—,—,—,—
0043,NP GR 3Y avg,—,—,—,—,—,—,—,—,—,—,—
0043,NP GR 5Y avg,—,—,—,—,—,—,—,—,—,—,—
0043,NP GR 10Y avg,0.0,0.0,0.0,0.0,0.0,0.0,0.0,0.0,0.0,0.0,0.0
0043,EPS GR,-82.50,—,—,—,200.00,-77.22,—,—,—,—,—
0043,EPS GR 3Y avg,—,—,—,—,—,—,—,—,—,—,—
0043,EPS GR 5Y avg,—,—,—,—,—,—,—,—,—,—,—
0043,EPS GR 10Y avg,—,—,—,—,—,—,—,—,—,—,—
0043,OCF GR,—,—,—,—,—,—,—,-79.23,—,—,—
0043,FCF GR,—,—,—,—,—,—,—,-84.24,—,—,—
0043,D/E,—,—,—,—,—,0.01,0.01,—,—,0.01,—
0043,Price,0.0600,0.0450,0.0750,0.0400,0.0550,0.0500,0.0550,0.0700,0.0850,0.0750,0.0850
0045,Year End,TTM,2020-06,2019-06,2018-06,2015-12,2014-12,2013-12,2012-12,2011-12,2010-12,2009-12
0045,Revenue,—,—,—,—,—,3,2,5,6,1,1
0045,NP,-2,-2,-1,-1,1,—,-4,-3,1,-2,-5
0045,EPS,-0.01,-0.01,—,—,—,—,-0.02,-0.01,—,-0.01,-0.02
0045,DPS,—,—,—,—,—,—,—,—,—,—,—
0045,Div Payout,—,—,—,—,—,—,—,—,—,—,—
0045,Shares,—,289,289,289,289,286,253,250,250,250,250
0045,BVPS,-0.02,-0.02,-0.01,-0.01,—,—,—,—,—,—,—
0045,OCF,-1,-1,-1,—,-1,-1,-2,3,—,1,—
0045,FCF,-1,-1,-1,—,-1,-1,-2,3,—,1,—
0045,NP Margin,—,—,—,—,152.01,15.48,-245.87,-58.11,8.68,-205.74,-363.12
0045,ROE,—,—,—,—,11.30,7.47,-70.39,-31.89,4.80,-20.78,-33.13
0045,Revenue GR,—,—,—,—,-81.85,44.65,-64.77,-12.70,401.45,—,—
0045,Revenue GR 3Y avg,—,—,—,—,-54.78,-23.66,15.54,54.16,9.40,—,—
0045,Revenue GR 5Y avg,—,—,—,—,-16.54,13.30,-16.63,-5.92,-9.80,—,—
0045,Revenue GR 10Y avg,—,—,—,—,—,—,—,—,—,—,—
0045,NP GR,—,—,—,—,—,-7.42,—,—,—,—,—
0045,NP GR 3Y avg,—,—,—,—,—,—,—,—,—,—,—
0045,NP GR 5Y avg,—,—,—,—,—,—,—,—,—,—,—
0045,NP GR 10Y avg,0.0,0.0,0.0,0.0,0.0,0.0,0.0,0.0,0.0,0.0,0.0
0045,EPS GR,-36.11,—,—,—,78.57,—,—,—,—,—,—
0045,EPS GR 3Y avg,—,—,—,—,—,-12.64,—,—,—,—,—
0045,EPS GR 5Y avg,—,—,—,—,—,—,—,—,—,—,—
0045,EPS GR 10Y avg,—,—,—,—,—,—,—,—,—,—,—
0045,OCF GR,—,—,—,—,—,—,—,—,—,—,—
0045,FCF GR,—,—,—,—,—,—,—,—,—,—,—
0045,D/E,—,—,—,—,—,—,—,0.02,—,—,—
0045,Price,0.0000,0.0400,0.0600,0.0750,0.0700,0.0400,0.0350,0.0400,0.0350,0.0650,0.0700
0048,Year End,TTM,2020-05,2019-05,2018-05,2017-05,2016-05,2015-05,2014-05,2013-05,2012-05,2011-05
0048,Revenue,29,31,30,29,28,32,32,50,61,62,62
0048,NP,—,—,—,-1,-4,-2,-2,14,1,2,10
0048,EPS,—,—,—,—,-0.01,—,—,0.03,—,0.01,0.03
0048,DPS,—,—,—,—,—,—,—,0.04,0.01,0.02,0.02
0048,Div Payout,—,—,—,—,—,—,—,145.4,625.0,400.0,—
0048,Shares,473,473,473,473,473,473,473,473,473,473,351
0048,BVPS,0.05,0.05,0.05,0.05,0.06,0.06,0.07,0.11,0.12,0.12,—
0048,OCF,7,8,3,1,9,4,-5,5,8,15,-13
0048,FCF,7,7,-1,—,6,3,-5,3,6,10,-22
0048,NP Margin,-1.48,-1.16,-1.16,-2.73,-14.57,-5.11,-4.77,27.34,1.02,3.81,15.63
0048,ROE,-1.84,-1.55,-1.45,-3.24,-15.34,-5.55,-3.77,25.26,1.09,3.82,13.61
0048,Revenue GR,-7.37,4.15,2.47,2.28,-12.46,0.35,-35.14,-19.09,-0.98,0.29,—
0048,Revenue GR 3Y avg,—,2.97,-2.83,-3.50,-17.10,-19.25,-19.60,-7.03,1.43,-2.07,—
0048,Revenue GR 5Y avg,—,-0.83,-9.80,-13.96,-14.52,-12.16,-11.35,-5.53,-0.71,-32.06,—
0048,Revenue GR 10Y avg,—,-6.24,-7.69,-7.57,-23.79,-21.98,—,—,—,—,—
0048,NP GR,—,—,—,—,—,—,—,12.02,-50.41,—,—
0048,NP GR 3Y avg,—,—,—,—,—,—,—,—,-65.96,-32.47,—
0048,NP GR 5Y avg,—,—,—,—,—,—,—,—,—,—,—
0048,NP GR 10Y avg,0.0,0.0,0.0,0.0,0.0,0.0,0.0,0.0,0.0,0.0,0.0
0048,EPS GR,-60.00,—,—,—,—,—,—,—,-74.00,-81.82,—
0048,EPS GR 3Y avg,—,—,—,—,—,—,—,1.43,-59.66,—,—
0048,EPS GR 5Y avg,—,—,—,—,—,—,—,—,-69.94,-40.09,—
0048,EPS GR 10Y avg,—,—,—,—,—,—,—,—,—,—,—
0048,OCF GR,—,148.19,303.49,-91.14,107.61,—,—,-37.98,-45.34,—,—
0048,FCF GR,—,—,—,-92.93,98.95,—,—,-46.90,-40.36,—,—
0048,D/E,0.20,0.25,0.20,0.11,0.06,—,0.02,0.01,0.03,0.04,0.06
0048,Price,0.3800,0.0750,0.0750,0.0900,0.1050,0.1100,0.1650,0.1100,0.1450,0.1600,0.1200
0051,Year End,TTM,2018-12,2017-12,2016-12,2015-12,2014-12,2013-12,2012-12,2011-12,2010-12,2009-12
0051,Revenue,26,29,33,40,44,52,48,59,54,49,39
0051,NP,-15,-22,-25,-38,-25,-7,-4,7,9,9,—
0051,EPS,—,-0.03,-0.05,-0.09,-0.06,-0.02,-0.01,0.03,0.04,0.04,—
0051,DPS,—,—,—,—,—,—,0.01,0.01,0.01,0.02,—
0051,Div Payout,—,—,—,—,—,—,—,—,—,—,—
0051,Shares,859,778,473,436,436,435,476,262,228,222,222
0051,BVPS,0.08,—,—,—,—,—,—,—,—,—,—
0051,OCF,-18,-23,-5,-2,8,-4,-8,18,5,11,5
0051,FCF,-21,-25,-15,-5,-1,-6,-9,14,-1,6,—
0051,NP Margin,-58.89,-74.03,-73.81,-95.25,-55.94,-13.40,-8.12,11.50,16.10,18.65,0.67
0051,ROE,-15.82,-37.32,-105.74,-82.67,-33.86,-8.34,-5.24,11.11,16.90,22.40,0.69
0051,Revenue GR,-54.18,-12.40,-17.06,-8.41,-15.65,7.30,-17.88,9.98,9.59,—,—
0051,Revenue GR 3Y avg,—,-12.70,-13.79,-6.06,-9.42,-1.04,-0.34,14.83,13.89,—,—
0051,Revenue GR 5Y avg,—,-9.65,-10.81,-5.63,-2.18,5.94,5.93,8.79,12.63,—,—
0051,Revenue GR 10Y avg,—,-2.16,-1.49,3.10,—,—,—,—,—,—,—
0051,NP GR,—,—,—,—,—,—,—,195.65,106.44,—,—
0051,NP GR 3Y avg,—,—,—,—,—,—,—,0.20,10.43,—,—
0051,NP GR 5Y avg,—,—,—,—,—,—,—,—,—,—,—
0051,NP GR 10Y avg,0.0,0.0,0.0,0.0,0.0,0.0,0.0,0.0,0.0,0.0,0.0
0051,EPS GR,-8.33,—,—,—,—,—,—,-27.44,-7.56,—,—
0051,EPS GR 3Y avg,—,—,—,—,—,—,—,184.04,104.99,—,—
0051,EPS GR 5Y avg,—,—,—,—,—,—,—,-1.92,5.00,—,—
0051,EPS GR 10Y avg,—,—,—,—,—,—,—,—,—,—,—
0051,OCF GR,—,—,—,—,—,—,—,287.85,-60.05,—,—
0051,FCF GR,—,—,—,—,—,—,—,—,—,—,—
0051,D/E,0.03,—,—,—,—,—,—,—,—,—,—
0051,Price,0.2700,0.1150,0.1800,0.1750,0.5450,0.1100,0.1400,0.1500,0.4100,0.3400,0.3900
0053,Year End,TTM,2020-12,2019-12,2018-12,2017-12,2016-12,2015-12,2014-12,2013-12,2012-12,2011-12
0053,Revenue,6,7,6,2,9,6,9,9,46,42,14
0053,NP,30,4,6,-30,31,8,-2,-14,17,14,-28
0053,EPS,0.15,0.02,0.03,-0.15,0.16,0.04,-0.01,-0.07,0.08,0.07,-0.14
0053,DPS,—,—,—,0.05,0.02,—,—,0.02,—,0.03,—
0053,Div Payout,—,—,—,—,11.4,—,—,—,—,40.5,—
0053,Shares,196,196,196,196,197,198,197,211,209,196,196
0053,BVPS,0.98,0.90,0.84,1.00,1.08,0.92,0.83,1.01,1.06,0.92,0.82
0053,OCF,-3,-13,-6,20,-59,-9,42,18,-12,49,-1
0053,FCF,-3,-13,-6,20,-59,-9,42,18,-12,49,-1
0053,NP Margin,464.08,55.78,107.86,—,345.97,145.18,-25.11,-154.44,37.24,33.91,-194.31
0053,ROE,16.77,2.16,3.46,-15.31,15.59,4.58,-1.27,-7.26,9.02,8.19,-15.07
0053,Revenue GR,-1370.27,24.55,197.04,-78.82,56.57,-36.42,2.18,-80.65,7.99,195.64,-1.54
0053,Revenue GR 3Y avg,—,-7.81,-0.50,-40.48,0.57,-49.90,-40.23,-14.83,46.49,59.77,18.50
0053,Revenue GR 5Y avg,—,-4.85,-8.54,-47.03,-26.63,-16.69,-9.07,-3.15,39.65,6.61,-19.34
0053,Revenue GR 10Y avg,—,-6.98,-5.88,-13.99,-11.56,-18.03,—,—,—,—,—
0053,NP GR,—,-49.82,-9.88,—,—,-21.15,—,—,—,—,—
0053,NP GR 3Y avg,—,—,—,—,16.74,—,—,—,—,-10.82,—
0053,NP GR 5Y avg,—,—,—,—,2.04,-15.85,—,—,—,—,—
0053,NP GR 10Y avg,0.0,0.0,0.0,0.0,0.0,0.0,0.0,0.0,0.0,0.0,0.0
0053,EPS GR,-146.16,-35.58,—,—,274.00,—,—,—,11.43,—,—
0053,EPS GR 3Y avg,—,-49.73,-9.65,—,—,-19.77,—,—,—,—,—
0053,EPS GR 5Y avg,—,—,—,—,16.57,—,—,—,—,-15.33,—
0053,EPS GR 10Y avg,—,—,—,—,-0.65,-18.09,—,—,—,—,—
0053,OCF GR,—,—,—,—,—,—,129.72,—,—,—,—
0053,FCF GR,—,—,—,—,—,—,129.67,—,—,—,—
0053,D/E,—,—,—,—,—,—,—,—,—,—,—
0053,Price,0.4900,0.4900,0.5750,0.5400,0.6600,0.4600,0.4600,0.5900,0.5750,0.3800,0.3100
0055,Year End,TTM,2020-12,2019-12,2018-12,2017-12,2016-12,2015-12,2014-12,2013-12,2012-12,2011-12
0055,Revenue,18,20,18,18,18,20,21,17,17,18,30
0055,NP,—,—,-1,-1,—,-1,-2,-4,-2,-4,-2
0055,EPS,—,—,—,—,—,-0.01,-0.01,-0.02,-0.01,-0.04,-0.02
0055,DPS,—,—,—,—,—,—,—,—,—,—,—
0055,Div Payout,—,—,—,—,—,—,—,—,—,—,—
0055,Shares,220,215,215,215,215,215,210,194,265,96,95
0055,BVPS,0.07,0.07,0.07,0.08,0.07,0.07,0.09,0.07,0.09,0.10,0.11
0055,OCF,5,1,—,—,1,—,-5,-2,-3,3,-1
0055,FCF,5,1,—,—,1,—,-5,-3,-3,3,-2
0055,NP Margin,1.84,0.99,-3.68,-4.26,1.50,-6.01,-8.64,-26.26,-9.73,-24.63,-5.16
0055,ROE,2.04,1.28,-4.14,-4.63,1.65,-7.39,-11.83,-28.24,-12.26,-45.70,-14.83
0055,Revenue GR,-39.15,13.80,-0.80,-0.28,-11.57,-4.06,25.80,-1.33,-4.48,-40.36,20.36
0055,Revenue GR 3Y avg,—,4.03,-4.36,-5.42,2.20,6.00,5.84,-17.47,-11.82,-6.74,-9.14
0055,Revenue GR 5Y avg,—,-0.91,1.09,0.98,0.12,-7.47,-3.18,-5.23,-15.64,-10.46,1.16
0055,Revenue GR 10Y avg,—,-2.05,-2.12,-7.70,-5.32,-3.25,—,—,—,—,—
0055,NP GR,—,-9.60,—,—,—,—,—,—,—,—,—
0055,NP GR 3Y avg,—,—,—,—,—,—,—,—,—,—,—
0055,NP GR 5Y avg,—,—,—,—,—,—,—,—,—,—,—
0055,NP GR 10Y avg,0.0,0.0,0.0,0.0,0.0,0.0,0.0,0.0,0.0,0.0,0.0
0055,EPS GR,125.00,—,—,—,—,—,—,—,—,—,—
0055,EPS GR 3Y avg,—,-11.54,—,—,—,—,—,—,—,—,—
0055,EPS GR 5Y avg,—,—,—,—,—,—,—,—,—,—,—
0055,EPS GR 10Y avg,—,—,—,—,—,—,—,—,—,—,—
0055,OCF GR,—,177.90,113.98,-72.42,825.06,—,—,—,—,—,—
0055,FCF GR,—,—,—,—,—,—,—,—,—,—,—
0055,D/E,—,—,—,0.01,0.01,—,—,0.03,0.01,0.04,0.09
0055,Price,0.2250,0.1950,0.0950,0.0900,0.1700,0.1450,0.1800,0.2450,0.4600,0.2600,0.2500
0056,Year End,TTM,2020-12,2019-12,2018-12,2017-12,2016-12,2015-12,2014-12,2013-12,2012-12,2011-12
0056,Revenue,67,77,133,82,104,120,121,86,90,88,75
0056,NP,6,6,3,6,15,-10,12,7,13,8,9
0056,EPS,0.01,0.01,0.01,-0.03,0.03,-0.02,0.03,0.02,0.03,0.02,0.03
0056,DPS,—,—,—,0.01,—,—,0.01,0.01,0.01,—,—
0056,Div Payout,—,—,32.6,31.4,—,—,46.0,67.6,44.5,1.1,—
0056,Shares,511,503,471,489,492,494,467,426,405,470,316
0056,BVPS,0.24,0.20,0.23,0.25,0.24,0.22,0.23,0.26,0.25,0.22,0.15
0056,OCF,-59,-24,20,23,5,-3,-23,-1,6,6,6
0056,FCF,-59,-24,20,23,5,-3,-26,-11,4,5,4
0056,NP Margin,8.44,7.32,2.00,6.76,13.96,-8.08,9.90,7.79,14.47,8.93,12.58
0056,ROE,4.72,5.33,2.50,4.72,12.46,-8.33,10.62,7.11,16.13,11.37,16.57
0056,Revenue GR,-38.96,-41.99,61.46,-21.10,-13.49,-0.20,40.74,-4.43,2.18,17.43,8.78
0056,Revenue GR 3Y avg,—,-9.59,3.29,-12.01,6.71,10.31,11.18,4.67,9.29,23.52,26.55
0056,Revenue GR 5Y avg,—,-8.60,9.13,-1.74,3.48,10.00,11.92,12.97,19.45,6.28,9.83
0056,Revenue GR 10Y avg,—,1.14,11.04,8.34,4.87,9.91,—,—,—,—,—
0056,NP GR,—,-27.10,—,-22.52,29.59,—,15.06,-10.77,20.61,34.96,—
0056,NP GR 3Y avg,—,-13.96,-16.88,-15.61,13.14,—,10.05,15.94,—,4.58,21.03
0056,NP GR 5Y avg,—,-2.69,-1.83,—,8.78,—,—,—,—,—,—
0056,NP GR 10Y avg,0.0,0.0,0.0,0.0,0.0,0.0,0.0,0.0,0.0,0.0,0.0
0056,EPS GR,3.09,106.67,-52.14,-57.76,—,—,62.96,-43.16,65.41,-19.11,8.67
0056,EPS GR 3Y avg,—,-25.24,—,-23.76,19.58,—,15.29,-8.72,13.29,13.13,—
0056,EPS GR 5Y avg,—,-15.20,-19.14,-16.31,9.96,—,6.14,6.36,—,-7.21,4.61
0056,EPS GR 10Y avg,—,-5.13,-7.26,—,1.01,—,—,—,—,—,—
0056,OCF GR,—,—,-11.46,358.70,—,—,—,—,4.48,1.32,84.12
0056,FCF GR,—,—,-11.57,363.19,—,—,—,—,-24.47,27.28,636.92
0056,D/E,0.10,—,0.01,0.01,0.01,0.08,0.06,0.12,0.11,0.04,0.07
0056,Price,0.6000,0.3250,0.2600,0.2000,0.2400,0.1800,0.2650,0.2900,0.2700,0.2200,0.2000
0059,Year End,TTM,2020-05,2019-05,2018-05,2015-12,2014-12,2013-12,2012-12,2011-12,2010-12,2009-12
0059,Revenue,165,115,62,73,37,84,74,62,75,29,22
0059,NP,-2,-3,3,-2,9,8,12,13,13,3,3
0059,EPS,-0.01,-0.01,0.02,-0.01,0.05,0.05,0.07,0.08,0.08,0.02,0.02
0059,DPS,—,—,—,—,0.01,0.01,0.01,0.01,—,—,—
0059,Div Payout,—,—,—,—,—,—,—,—,—,—,—
0059,Shares,293,270,163,163,163,163,163,163,159,159,159
0059,BVPS,0.35,0.35,0.44,0.47,—,—,—,—,—,—,—
0059,OCF,-4,24,-23,-3,5,10,13,15,14,3,—
0059,FCF,-5,13,-26,-3,2,6,10,12,11,1,—
0059,NP Margin,-1.45,-2.47,4.12,-2.69,23.53,10.11,15.91,21.05,17.07,11.73,13.60
0059,ROE,-2.07,-3.23,3.65,-2.81,12.51,13.56,21.28,28.77,38.05,13.14,13.12
0059,Revenue GR,19.01,85.25,-14.87,32.16,-55.67,14.21,18.41,-17.59,158.14,—,—
0059,Revenue GR 3Y avg,—,29.12,-6.58,-0.16,-15.68,3.68,36.06,40.89,67.41,—,—
0059,Revenue GR 5Y avg,—,7.24,0.02,-0.49,4.98,30.48,35.56,35.62,51.55,—,—
0059,Revenue GR 10Y avg,—,18.82,14.28,19.63,—,—,—,—,—,—,—
0059,NP GR,—,—,-23.77,—,-12.49,-12.92,50.62,62.98,81.54,—,—
0059,NP GR 3Y avg,—,—,-22.44,—,20.67,22.98,40.33,57.50,85.01,—,—
0059,NP GR 5Y avg,—,—,5.77,—,—,—,—,—,—,—,—
0059,NP GR 10Y avg,0.0,0.0,0.0,0.0,0.0,0.0,0.0,0.0,0.0,0.0,0.0
0059,EPS GR,1.69,—,—,—,3.26,-27.40,-10.57,-0.64,276.04,—,—
0059,EPS GR 3Y avg,—,—,-23.82,—,-12.48,-13.59,49.50,61.70,81.47,—,—
0059,EPS GR 5Y avg,—,—,-22.47,—,20.16,22.38,39.64,54.13,81.48,—,—
0059,EPS GR 10Y avg,—,—,4.75,—,—,—,—,—,—,—,—
0059,OCF GR,—,—,—,—,-45.26,-24.61,-10.43,2.85,356.96,—,—
0059,FCF GR,—,—,—,—,-58.16,-41.01,-13.58,7.00,—,—,—
0059,D/E,0.05,0.04,0.03,—,0.01,0.02,0.03,0.05,0.07,0.08,0.05
0059,Price,0.2050,0.1450,0.2150,0.2500,0.3650,0.3550,0.4850,0.4200,0.7000,0.3700,0.4000
0060,Year End,TTM,2020-03,2019-03,2018-03,2017-03,2014-12,2013-12,2012-12,2011-12,2010-12,2009-12
0060,Revenue,168,142,156,155,137,257,228,79,12,10,8
0060,NP,-4,-12,—,1,2,-2,-5,-4,-2,-2,-2
0060,EPS,-0.04,-0.12,—,0.01,0.02,-0.03,-0.11,-0.14,—,-0.31,-0.16
0060,DPS,—,—,—,—,—,—,—,—,—,—,—
0060,Div Payout,—,—,—,—,—,—,—,—,—,—,—
0060,Shares,226,104,142,145,71,56,51,31,10,9,8
0060,BVPS,0.27,0.96,0.71,0.80,0.93,—,—,—,—,—,—
0060,OCF,-37,-5,12,—,-3,-1,-8,-7,-6,—,—
0060,FCF,-54,-25,10,—,-4,-6,-16,-8,-6,-1,—
0060,NP Margin,-2.42,-8.57,0.18,0.50,1.14,-0.67,-2.36,-5.36,-20.27,-21.12,-23.43
0060,ROE,-2.71,-15.41,0.40,1.12,2.38,-2.35,-9.43,-17.17,-23.30,-19.26,-14.75
0060,Revenue GR,24.12,-8.72,0.88,13.15,-24.49,12.58,188.15,571.62,15.59,—,—
0060,Revenue GR 3Y avg,—,1.38,-11.09,-8.77,13.68,179.30,181.76,115.76,6.00,—,—
0060,Revenue GR 5Y avg,—,-7.28,11.45,50.91,51.43,100.73,87.30,63.44,9.61,—,—
0060,Revenue GR 10Y avg,—,26.72,32.10,30.91,—,—,—,—,—,—,—
0060,NP GR,—,—,—,—,—,—,—,—,—,—,—
0060,NP GR 3Y avg,—,—,—,—,—,—,—,—,—,—,—
0060,NP GR 5Y avg,—,—,—,28.97,—,—,—,—,—,—,—
0060,NP GR 10Y avg,0.0,0.0,0.0,0.0,0.0,0.0,0.0,0.0,0.0,0.0,0.0
0060,EPS GR,-88.64,—,-82.14,-50.00,—,—,—,—,—,—,—
0060,EPS GR 3Y avg,—,—,—,—,—,—,—,—,—,—,—
0060,EPS GR 5Y avg,—,—,—,—,—,—,—,—,—,—,—
0060,EPS GR 10Y avg,—,—,—,7.82,—,—,—,—,—,—,—
0060,OCF GR,—,—,—,—,—,—,—,—,—,—,—
0060,FCF GR,—,—,—,—,—,—,—,—,—,—,—
0060,D/E,0.02,0.06,—,—,—,—,—,0.03,0.13,0.10,0.10
0060,Price,0.1600,0.1600,0.0500,0.1800,0.0950,0.1000,0.0750,0.0600,0.0700,0.0900,0.0800
0064,Year End,TTM,2020-12,2019-12,2018-12,2017-12,2016-12,2015-12,2014-12,2013-12,2012-12,2011-12
0064,Revenue,5,4,4,4,3,3,—,46,45,42,52
0064,NP,-5,-4,-8,-8,-3,-10,45,6,5,4,5
0064,EPS,-0.01,-0.01,-0.01,-0.01,—,-0.01,0.06,0.01,0.01,0.01,0.01
0064,DPS,—,—,—,—,—,—,—,—,—,—,—
0064,Div Payout,—,—,—,—,—,—,—,24.4,—,26.3,15.9
0064,Shares,709,709,709,709,709,709,709,709,709,709,693
0064,BVPS,0.17,0.18,0.19,0.20,0.21,0.22,0.18,0.18,0.17,0.16,0.14
0064,OCF,-6,-5,-6,-5,-2,-14,7,4,8,8,4
0064,FCF,-6,-5,-7,-7,-3,-17,—,—,6,6,3
0064,NP Margin,-101.87,-107.52,-211.65,-205.66,-94.01,-347.28,—,12.18,10.83,9.61,9.12
0064,ROE,-3.71,-3.37,-6.19,-5.37,-2.08,-6.24,30.41,4.55,4.09,3.51,4.49
0064,Revenue GR,51.97,2.20,5.80,13.89,13.13,1262.18,-99.54,2.67,6.95,-19.98,-10.78
0064,Revenue GR 3Y avg,—,7.19,10.88,159.88,-58.72,-60.03,-82.89,-4.22,-8.60,-13.79,-4.14
0064,Revenue GR 5Y avg,—,80.16,-38.95,-39.32,-40.08,-44.09,-67.58,-6.79,-5.49,-5.75,4.03
0064,Revenue GR 10Y avg,—,-23.58,-24.57,-24.27,-24.85,-23.73,—,—,—,—,—
0064,NP GR,—,—,—,—,—,—,123.52,5.47,-26.95,-37.79,-32.91
0064,NP GR 3Y avg,—,—,—,—,—,—,29.26,-19.63,-21.04,-23.24,-16.97
0064,NP GR 5Y avg,—,—,—,—,—,—,—,—,—,—,—
0064,NP GR 10Y avg,0.0,0.0,0.0,0.0,0.0,0.0,0.0,0.0,0.0,0.0,0.0
0064,EPS GR,46.15,—,—,—,—,—,703.80,14.49,21.05,-17.39,-63.49
0064,EPS GR 3Y avg,—,—,—,—,—,—,123.34,4.61,-28.53,-39.23,-34.09
0064,EPS GR 5Y avg,—,—,—,—,—,—,27.43,-20.83,-22.13,-34.14,-28.95
0064,EPS GR 10Y avg,—,—,—,—,—,—,—,—,—,—,—
0064,OCF GR,—,—,—,—,—,—,75.50,-46.60,-6.88,112.59,—
0064,FCF GR,—,—,—,—,—,—,—,-92.11,-5.93,147.66,—
0064,D/E,—,—,—,—,—,—,—,0.01,0.02,0.04,0.04
0064,Price,0.1900,0.1800,0.1800,0.1950,0.3250,0.2450,0.3550,0.2750,0.1350,0.1600,0.1800
0066,Year End,TTM,2020-06,2019-06,2018-06,2017-06,2014-12,2013-12,2012-12,2011-12,2010-12,2009-12
0066,Revenue,8,3,3,2,2,2,2,1,2,1,4
0066,NP,-25,-4,-2,-2,-4,-3,-2,-1,-1,-2,-3
0066,EPS,-0.01,-0.01,—,—,-0.01,-0.01,-0.01,-0.01,-0.01,-0.01,-0.02
0066,DPS,—,—,—,—,—,—,—,—,—,—,—
0066,Div Payout,—,—,—,—,—,—,—,—,—,—,—
0066,Shares,"2,821",576,544,544,477,381,512,175,137,141,141
0066,BVPS,0.02,0.03,0.03,0.03,0.02,—,—,—,—,—,—
0066,OCF,-18,-2,-1,-2,-2,-3,-2,—,-1,-1,—
0066,FCF,-18,-3,-2,-2,-2,-8,-8,—,-1,-2,—
0066,NP Margin,-313.85,-139.54,-51.49,-75.23,-215.65,-221.96,-127.72,-111.97,-75.57,-212.75,-72.26
0066,ROE,-45.42,-27.00,-9.72,-9.72,-23.44,-20.59,-11.41,-12.17,-24.29,-31.03,-31.01
0066,Revenue GR,278.07,-6.93,38.74,25.53,4.30,-3.15,23.33,-20.99,80.75,—,—
0066,Revenue GR 3Y avg,—,17.47,15.80,6.91,6.49,-1.91,20.76,-28.32,9.77,—,—
0066,Revenue GR 5Y avg,—,8.93,13.76,4.32,10.33,-15.15,5.20,5.28,-1.00,—,—
0066,Revenue GR 10Y avg,—,7.29,9.99,1.97,—,—,—,—,—,—,—
0066,NP GR,—,—,—,—,—,—,—,—,—,—,—
0066,NP GR 3Y avg,—,—,—,—,—,—,—,—,—,—,—
0066,NP GR 5Y avg,—,—,—,—,—,—,—,—,—,—,—
0066,NP GR 10Y avg,0.0,0.0,0.0,0.0,0.0,0.0,0.0,0.0,0.0,0.0,0.0
0066,EPS GR,88.89,—,—,—,—,—,—,—,—,—,—
0066,EPS GR 3Y avg,—,—,—,—,—,—,—,—,—,—,—
0066,EPS GR 5Y avg,—,—,—,—,—,—,—,—,—,—,—
0066,EPS GR 10Y avg,—,—,—,—,—,—,—,—,—,—,—
0066,OCF GR,—,—,—,—,—,—,—,—,—,—,—
0066,FCF GR,—,—,—,—,—,—,—,—,—,—,—
0066,D/E,—,0.01,—,0.01,0.01,—,—,—,—,—,—
0066,Price,0.0300,0.0650,0.1900,0.1100,0.1050,0.0850,0.1250,0.1100,0.1200,0.1000,0.0700
0068,Year End,TTM,2020-09,2018-03,2017-03,2016-03,2015-03,2014-03,2013-03,2010-12,2009-12,2008-12
0068,Revenue,5,4,4,8,20,4,4,6,8,6,6
0068,NP,-4,-5,-5,-8,-2,-3,-3,-2,-4,-4,5
0068,EPS,-0.03,-0.04,-0.04,-0.07,-0.02,-0.02,-0.04,-0.04,-0.06,-0.05,0.08
0068,DPS,—,—,—,—,—,—,—,—,—,—,—
0068,Div Payout,—,—,—,—,—,—,—,—,—,—,—
0068,Shares,128,128,116,116,115,113,78,66,66,66,60
0068,BVPS,—,0.02,—,—,—,—,—,—,—,—,—
0068,OCF,2,1,—,1,-2,—,-5,-3,1,—,—
0068,FCF,2,1,—,—,-5,-1,-5,-4,1,—,—
0068,NP Margin,-74.99,-129.98,-115.86,-103.31,-8.78,-64.99,-70.90,-38.32,-49.20,-55.61,91.21
0068,ROE,-186.60,-132.16,-51.73,-48.58,-7.96,-11.27,-17.42,-27.61,-24.19,-18.35,31.96
0068,Revenue GR,773.17,-4.09,-44.30,-61.97,358.97,-1.05,-28.03,-10.13,—,—,—
0068,Revenue GR 3Y avg,—,-30.77,-0.93,19.98,48.40,-12.75,-8.45,1.20,—,—,—
0068,Revenue GR 5Y avg,—,-2.18,-7.09,-0.36,19.96,-4.52,-12.38,-12.34,—,—,—
0068,Revenue GR 10Y avg,—,-7.32,-10.04,—,—,—,—,—,—,—,—
0068,NP GR,—,—,—,—,—,—,—,—,—,—,—
0068,NP GR 3Y avg,—,—,—,—,—,—,—,—,—,—,—
0068,NP GR 5Y avg,—,—,—,—,—,—,—,—,—,—,—
0068,NP GR 10Y avg,0.0,0.0,0.0,0.0,0.0,0.0,0.0,0.0,0.0,0.0,0.0
0068,EPS GR,-40.74,—,—,—,—,—,—,—,—,—,—
0068,EPS GR 3Y avg,—,—,—,—,—,—,—,—,—,—,—
0068,EPS GR 5Y avg,—,—,—,—,—,—,—,—,—,—,—
0068,EPS GR 10Y avg,—,—,—,—,—,—,—,—,—,—,—
0068,OCF GR,—,45.91,-12.98,—,—,—,—,—,—,—,—
0068,FCF GR,—,47.04,—,—,—,—,—,—,—,—,—
0068,D/E,—,0.15,0.19,0.01,0.11,0.07,0.13,0.36,0.21,0.20,—
0068,Price,0.5950,0.2000,0.1350,0.2800,0.2000,0.2050,0.4500,0.3450,0.5900,0.4050,0.2800
0069,Year End,TTM,2018-12,2017-12,2016-12,2015-12,2014-12,2013-12,2012-06,2011-06,2010-06,2009-06
0069,Revenue,83,121,183,366,98,66,120,4,4,13,26
0069,NP,-59,-69,15,49,9,4,26,—,—,—,—
0069,EPS,-0.14,-0.17,0.04,0.12,0.04,0.02,0.17,-0.13,-0.38,-4.26,—
0069,DPS,—,—,—,—,—,—,—,—,—,—,—
0069,Div Payout,—,—,—,—,—,—,—,—,—,—,—
0069,Shares,—,415,408,400,202,154,154,22,22,22,23
0069,BVPS,0.64,—,—,—,—,—,—,0.61,—,—,—
0069,OCF,-38,-39,-7,-48,10,11,24,-1,-1,-4,-9
0069,FCF,-39,-40,-8,-57,10,10,24,-1,-1,-5,-15
0069,NP Margin,-71.64,-56.69,7.92,13.50,8.97,5.61,21.77,—,—,—,—
0069,ROE,-12.28,-15.02,3.22,13.08,3.59,2.24,17.38,—,—,—,—
0069,Revenue GR,94.69,-33.79,-49.95,273.57,48.38,-45.19,—,1.22,—,—,—
0069,Revenue GR 3Y avg,—,7.37,40.51,44.83,—,130.44,87.14,-48.28,—,—,—
0069,Revenue GR 5Y avg,—,0.13,—,132.15,43.55,18.56,6.92,-42.69,—,—,—
0069,Revenue GR 10Y avg,—,3.63,11.59,32.97,—,—,—,—,—,—,—
0069,NP GR,—,—,57.65,23.49,—,—,—,—,—,—,—
0069,NP GR 3Y avg,—,—,—,—,—,—,—,—,—,—,—
0069,NP GR 5Y avg,—,—,—,—,—,—,—,—,—,—,—
0069,NP GR 10Y avg,0.0,0.0,0.0,0.0,0.0,0.0,0.0,0.0,0.0,0.0,0.0
0069,EPS GR,-72.50,—,-71.43,183.09,80.32,-85.79,—,—,—,—,—
0069,EPS GR 3Y avg,—,—,13.40,-10.15,—,—,—,—,—,—,—
0069,EPS GR 5Y avg,—,—,—,—,—,59.88,-22.06,—,—,—,—
0069,EPS GR 10Y avg,—,—,-27.65,-16.60,—,—,—,—,—,—,—
0069,OCF GR,—,—,—,—,-11.77,-54.27,—,—,—,—,—
0069,FCF GR,—,—,—,—,-6.30,-56.43,—,—,—,—,—
0069,D/E,0.01,0.02,0.02,0.03,0.03,0.09,0.08,—,—,—,—
0069,Price,0.7100,0.0300,0.0200,0.0200,0.1300,0.1600,0.2750,0.1450,0.2550,0.2600,0.1400
0070,Year End,TTM,2018-12,2017-12,2016-12,2015-12,2014-12,2013-12,2012-12,2011-12,2010-12,2009-12
0070,Revenue,13,25,26,17,18,14,21,27,27,42,39
0070,NP,-7,-5,-3,-8,-2,-7,-8,-19,-4,3,—
0070,EPS,-0.01,-0.01,-0.01,-0.03,-0.01,-0.05,-0.06,-0.15,-0.03,0.02,—
0070,DPS,—,—,—,—,—,—,—,—,—,—,—
0070,Div Payout,—,—,—,—,—,—,—,—,—,—,—
0070,Shares,642,463,415,322,147,137,127,131,132,132,132
0070,BVPS,0.05,—,—,—,—,—,—,—,—,—,—
0070,OCF,1,-3,—,-22,-1,-5,-2,3,2,7,5
0070,FCF,2,-3,—,-22,-3,-7,-2,—,—,4,—
0070,NP Margin,-52.99,-21.58,-12.30,-48.02,-8.49,-50.83,-39.69,-71.49,-16.16,6.39,0.61
0070,ROE,-15.72,-12.58,-7.40,-22.41,-5.88,-29.67,-30.81,-47.53,-8.09,4.97,0.45
0070,Revenue GR,-5.48,-5.48,55.55,-6.61,29.77,-32.71,-24.41,1.88,-36.71,—,—
0070,Revenue GR 3Y avg,—,11.15,23.53,-6.57,-12.93,-19.68,-21.30,-11.20,-18.21,—,—
0070,Revenue GR 5Y avg,—,3.70,-0.83,-8.88,-15.70,-18.65,-15.87,—,—,—,—
0070,Revenue GR 10Y avg,—,-6.60,—,—,—,—,—,—,—,—,—
0070,NP GR,—,—,—,—,—,—,—,—,—,—,—
0070,NP GR 3Y avg,—,—,—,—,—,—,—,—,—,—,—
0070,NP GR 5Y avg,—,—,—,—,—,—,—,—,—,—,—
0070,NP GR 10Y avg,0.0,0.0,0.0,0.0,0.0,0.0,0.0,0.0,0.0,0.0,0.0
0070,EPS GR,-66.67,—,—,—,—,—,—,—,—,—,—
0070,EPS GR 3Y avg,—,—,—,—,—,—,—,—,—,—,—
0070,EPS GR 5Y avg,—,—,—,—,—,—,—,—,—,—,—
0070,EPS GR 10Y avg,—,—,—,—,—,—,—,—,—,—,—
0070,OCF GR,—,—,—,—,—,—,—,56.28,-71.74,—,—
0070,FCF GR,—,—,—,—,—,—,—,26.04,-89.25,—,—
0070,D/E,—,—,0.03,0.05,0.14,0.18,0.08,0.12,0.04,0.06,0.03
0070,Price,0.0900,0.0500,0.0250,0.0300,0.0300,0.0600,0.0450,0.0850,0.1050,0.1300,0.1000
0072,Year End,TTM,2020-03,2019-03,2018-03,2017-03,2016-02,2015-02,2014-02,2013-02,2012-02,2011-02
0072,Revenue,23,20,21,23,18,17,23,22,23,37,37
0072,NP,-31,-15,-9,-6,-10,-3,1,1,-11,—,—
0072,EPS,-0.03,-0.03,-0.02,-0.01,-0.02,-0.02,0.01,0.02,-0.18,—,0.01
0072,DPS,—,—,—,—,—,—,—,—,—,—,—
0072,Div Payout,—,—,—,—,—,—,—,—,—,—,—
0072,Shares,"1,688",471,453,684,606,139,131,70,62,60,60
0072,BVPS,0.08,0.11,0.16,0.18,0.22,—,—,—,—,—,—
0072,OCF,-36,2,-5,-1,-7,-2,2,—,-4,3,6
0072,FCF,-88,-2,-13,-12,-17,-7,-4,—,-4,2,5
0072,NP Margin,-135.34,-77.63,-42.43,-24.38,-55.40,-14.62,3.05,5.11,-46.76,0.62,0.81
0072,ROE,-14.83,-27.85,-12.92,-8.31,-16.42,-6.05,1.88,4.67,-60.60,1.04,1.37
0072,Revenue GR,-23.08,-4.09,-10.71,26.55,4.49,-25.66,7.54,-6.17,-37.70,—,—
0072,Revenue GR 3Y avg,—,2.72,5.66,-0.43,-5.55,-9.14,-14.33,-16.38,-5.54,5.30,—
0072,Revenue GR 5Y avg,—,-3.26,-1.06,-0.09,-13.08,-14.11,-3.19,-7.35,-3.41,2.63,—
0072,Revenue GR 10Y avg,—,-3.22,-4.23,-1.75,-5.61,-3.99,—,—,—,—,—
0072,NP GR,—,—,—,—,—,—,45.66,54.43,—,—,—
0072,NP GR 3Y avg,—,—,—,—,—,—,—,—,—,—,—
0072,NP GR 5Y avg,—,—,—,—,—,—,—,—,—,—,—
0072,NP GR 10Y avg,0.0,0.0,0.0,0.0,0.0,0.0,0.0,0.0,0.0,0.0,0.0
0072,EPS GR,9.43,—,—,—,—,—,-66.04,—,—,-23.53,—
0072,EPS GR 3Y avg,—,—,—,—,—,—,11.46,46.09,—,—,—
0072,EPS GR 5Y avg,—,—,—,—,—,—,—,—,—,—,—
0072,EPS GR 10Y avg,—,—,—,—,—,—,—,—,—,—,—
0072,OCF GR,—,—,—,—,—,—,784.19,—,—,-54.56,—
0072,FCF GR,—,—,—,—,—,—,—,—,—,-60.52,—
0072,D/E,0.01,0.25,0.17,0.10,—,0.20,0.07,0.38,0.99,0.53,0.56
0072,Price,0.0950,0.0950,0.0250,0.0550,0.0800,0.0500,0.0750,0.0700,0.0900,0.0900,0.0850
0074,Year End,TTM,2019-03,2018-03,2017-03,2016-03,2015-03,2014-03,2013-03,2012-03,2011-03,2010-03
0074,Revenue,249,361,155,201,194,57,15,90,144,153,88
0074,NP,-7,2,-8,—,—,-1,-5,-1,-3,-3,-7
0074,EPS,-0.02,—,-0.02,—,—,—,-0.02,—,-0.01,-0.01,-0.03
0074,DPS,—,—,—,—,—,—,—,—,—,—,—
0074,Div Payout,—,—,—,—,—,—,—,—,—,—,—
0074,Shares,386,386,364,351,351,328,270,249,237,226,226
0074,BVPS,0.07,—,—,—,—,—,—,—,—,—,—
0074,OCF,1,-11,-10,-6,—,—,-6,-2,1,-2,3
0074,FCF,1,-11,-10,-6,—,—,-6,-8,1,-2,-1
0074,NP Margin,-2.80,0.53,-4.86,0.07,0.14,-1.24,-36.13,-0.61,-1.82,-1.87,-8.19
0074,ROE,-36.97,9.16,-37.03,0.67,1.37,-4.11,-38.82,-4.48,-23.35,-21.71,-39.65
0074,Revenue GR,-97.20,133.71,-23.03,3.66,241.55,273.74,-83.10,-37.39,-5.99,—,—
0074,Revenue GR 3Y avg,—,23.08,39.67,136.52,29.22,-26.59,-53.66,0.71,25.60,—,—
0074,Revenue GR 5Y avg,—,88.50,11.47,6.97,4.90,-8.39,-26.83,17.39,27.18,—,—
0074,Revenue GR 10Y avg,—,17.44,14.40,16.64,15.60,—,—,—,—,—,—
0074,NP GR,—,90.61,—,—,—,—,—,—,—,—,—
0074,NP GR 3Y avg,—,—,—,—,—,—,—,—,—,—,—
0074,NP GR 5Y avg,—,—,—,-22.84,-20.89,—,—,—,—,—,—
0074,NP GR 10Y avg,0.0,0.0,0.0,0.0,0.0,0.0,0.0,0.0,0.0,0.0,0.0
0074,EPS GR,-67.10,—,—,-54.55,—,—,—,—,—,—,—
0074,EPS GR 3Y avg,—,81.71,—,—,—,—,—,—,—,—,—
0074,EPS GR 5Y avg,—,—,—,—,—,—,—,—,—,—,—
0074,EPS GR 10Y avg,—,—,—,-26.39,-24.00,—,—,—,—,—,—
0074,OCF GR,—,—,—,—,14.01,—,—,—,—,—,—
0074,FCF GR,—,—,—,—,-68.90,—,—,—,—,—,—
0074,D/E,—,—,—,0.01,0.01,0.01,0.01,0.08,0.24,0.35,0.03
0074,Price,0.0550,0.1200,0.0900,0.0800,0.1150,0.1400,0.1100,0.0950,0.1400,0.1250,0.2600
0075,Year End,TTM,2020-03,2019-03,2018-03,2017-03,2016-12,2015-12,2014-12,2013-12,2012-12,2011-12
0075,Revenue,16,12,8,18,41,33,40,43,33,34,52
0075,NP,-14,-9,-6,-5,-2,-1,-2,-1,-3,-3,1
0075,EPS,-0.04,-0.03,-0.02,-0.02,-0.01,—,-0.01,-0.01,-0.02,-0.03,0.01
0075,DPS,—,—,—,—,—,—,—,—,—,—,—
0075,Div Payout,—,—,—,—,—,—,—,—,—,—,—
0075,Shares,368,331,298,224,198,238,197,185,113,89,89
0075,BVPS,0.04,0.06,0.08,0.08,0.05,—,—,—,—,—,—
0075,OCF,3,-1,-4,-2,-3,-3,-3,-1,-2,-2,2
0075,FCF,-8,-12,-7,-9,-3,-3,-4,-1,-2,-3,2
0075,NP Margin,-87.46,-78.01,-77.97,-28.57,-4.84,-1.82,-5.06,-2.79,-8.35,-8.92,1.23
0075,ROE,-77.23,-43.73,-27.46,-35.21,-21.64,-5.59,-18.48,-11.27,-36.17,-47.88,8.54
0075,Revenue GR,81.43,63.54,-58.06,-55.97,159.81,-17.69,-8.49,31.80,-2.84,-35.06,5.08
0075,Revenue GR 3Y avg,—,-32.91,-47.64,-29.28,-2.11,-0.24,5.43,-5.96,-12.80,-2.39,51.04
0075,Revenue GR 5Y avg,—,-23.81,-33.56,-13.01,4.80,-8.93,-4.37,3.55,16.80,20.12,20.41
0075,Revenue GR 10Y avg,—,-13.85,-15.54,2.01,12.81,4.72,—,—,—,—,—
0075,NP GR,—,—,—,—,—,—,—,—,—,—,—
0075,NP GR 3Y avg,—,—,—,—,—,—,—,—,—,—,1.75
0075,NP GR 5Y avg,—,—,—,—,—,—,—,—,—,—,—
0075,NP GR 10Y avg,0.0,0.0,0.0,0.0,0.0,0.0,0.0,0.0,0.0,0.0,0.0
0075,EPS GR,106.56,—,—,—,—,—,—,—,—,—,-47.01
0075,EPS GR 3Y avg,—,—,—,—,—,—,—,—,—,—,—
0075,EPS GR 5Y avg,—,—,—,—,—,—,—,—,—,—,1.78
0075,EPS GR 10Y avg,—,—,—,—,—,—,—,—,—,—,—
0075,OCF GR,—,—,—,—,—,—,—,—,—,—,-25.83
0075,FCF GR,—,—,—,—,—,—,—,—,—,—,-25.97
0075,D/E,6.03,1.22,0.61,0.09,0.21,0.18,0.20,0.21,0.17,—,0.23
0075,Price,0.2700,0.2700,0.1700,0.3250,0.3900,0.2550,0.0600,0.0700,0.0800,0.0900,0.1700
0079,Year End,TTM,2020-06,2019-06,2016-12,2015-12,2014-12,2013-12,2012-12,2011-12,2010-12,2009-12
0079,Revenue,8,9,6,3,4,6,5,5,5,7,6
0079,NP,-6,-4,2,-1,-1,-1,-1,—,-1,-1,-2
0079,EPS,-0.01,-0.01,—,-0.01,-0.01,—,-0.01,—,—,-0.01,-0.02
0079,DPS,—,—,—,—,—,—,—,—,—,—,—
0079,Div Payout,—,—,—,—,—,—,—,—,—,—,—
0079,Shares,857,713,618,138,132,124,120,110,109,109,109
0079,BVPS,0.12,0.14,0.13,—,—,—,—,—,—,—,—
0079,OCF,6,3,-4,—,-2,-1,—,—,—,—,—
0079,FCF,1,-2,-9,-1,-2,-1,-1,—,—,—,—
0079,NP Margin,-65.21,-45.71,28.90,-33.19,-33.02,-9.95,-26.17,3.38,-10.76,-17.79,-41.97
0079,ROE,-5.29,-3.86,1.74,-12.91,-17.29,-7.50,-18.05,2.20,-7.25,-14.66,-24.91
0079,Revenue GR,1379.22,51.88,23.54,-23.92,-27.90,13.37,7.04,4.21,-26.61,—,—
0079,Revenue GR 3Y avg,—,16.10,-1.61,-14.64,-4.36,8.14,-6.45,-4.59,-9.84,—,—
0079,Revenue GR 5Y avg,—,7.50,1.87,-7.05,-7.72,1.06,-3.95,-6.24,-0.05,—,—
0079,Revenue GR 10Y avg,—,2.37,-1.74,-3.62,—,—,—,—,—,—,—
0079,NP GR,—,—,—,—,—,—,—,—,—,—,—
0079,NP GR 3Y avg,—,—,41.74,—,—,—,—,-28.91,—,—,—
0079,NP GR 5Y avg,—,—,4.99,—,—,—,—,—,—,—,—
0079,NP GR 10Y avg,0.0,0.0,0.0,0.0,0.0,0.0,0.0,0.0,0.0,0.0,0.0
0079,EPS GR,-125.00,—,—,—,—,—,—,—,—,—,—
0079,EPS GR 3Y avg,—,—,—,—,—,—,—,—,—,—,—
0079,EPS GR 5Y avg,—,—,8.80,—,—,—,—,-28.96,—,—,—
0079,EPS GR 10Y avg,—,—,-9.61,—,—,—,—,—,—,—,—
0079,OCF GR,—,—,—,—,—,—,—,873.25,—,—,—
0079,FCF GR,—,—,—,—,—,—,—,696.27,—,—,—
0079,D/E,—,0.01,—,—,—,—,—,—,—,—,—
0079,Price,0.0750,0.0550,0.1250,0.0750,0.1200,0.1800,0.1550,0.3600,0.2400,0.1900,0.1600
0080,Year End,TTM,2020-12,2019-12,2018-12,2017-12,2016-12,2015-12,2014-12,2013-12,2012-12,2011-12
0080,Revenue,708,675,663,256,135,69,14,3,2,1,1
0080,NP,3,3,7,4,3,—,—,-2,—,—,-3
0080,EPS,—,—,0.01,0.01,0.01,—,—,-0.01,—,—,-0.02
0080,DPS,—,—,—,—,—,—,—,—,—,—,—
0080,Div Payout,—,—,—,—,—,—,—,—,—,—,—
0080,Shares,713,704,710,523,334,147,187,174,170,170,170
0080,BVPS,0.16,0.17,0.17,0.15,0.10,0.03,0.03,0.04,0.04,0.04,0.06
0080,OCF,-9,-16,12,-9,-15,-6,-2,-1,—,1,—
0080,FCF,-18,-25,-8,-10,-18,-6,-2,-1,—,1,—
0080,NP Margin,0.36,0.42,1.07,1.58,1.88,0.07,-3.35,-52.21,3.68,8.36,-459.16
0080,ROE,2.11,2.53,7.23,6.66,10.64,0.50,-6.53,-23.33,1.42,1.19,-43.68
0080,Revenue GR,12.52,1.83,159.27,90.09,96.37,373.45,393.06,21.09,178.00,17.69,-89.54
0080,Revenue GR 3Y avg,—,71.21,113.11,160.48,257.89,204.62,155.09,58.24,-30.05,-57.82,-64.75
0080,Revenue GR 5Y avg,—,115.67,195.66,153.90,173.96,147.30,15.36,-24.05,-32.19,-47.82,-51.46
0080,Revenue GR 10Y avg,—,57.73,49.85,31.21,19.56,9.56,—,—,—,—,—
0080,NP GR,—,3.98,426.31,—,—,-18.32,—,—,—,—,—
0080,NP GR 3Y avg,—,—,—,114.54,103.23,—,—,—,—,—,—
0080,NP GR 5Y avg,—,—,—,—,—,-28.71,—,—,—,—,—
0080,NP GR 10Y avg,0.0,0.0,0.0,0.0,0.0,0.0,0.0,0.0,0.0,0.0,0.0
0080,EPS GR,-35.71,-60.00,29.87,-25.96,—,—,—,—,33.33,—,—
0080,EPS GR 3Y avg,—,-27.28,262.76,—,—,-27.89,—,—,—,—,—
0080,EPS GR 5Y avg,—,—,—,69.00,90.10,—,—,—,—,—,—
0080,EPS GR 10Y avg,—,—,—,—,—,-32.19,—,—,—,—,—
0080,OCF GR,—,—,—,—,—,—,—,—,-31.77,32.46,—
0080,FCF GR,—,—,—,—,—,—,—,—,-31.97,32.54,—
0080,D/E,0.06,0.07,0.03,0.01,—,—,—,0.56,0.62,0.66,0.67
0080,Price,0.2300,0.1850,0.2250,0.2200,0.2600,0.1900,0.2050,0.1550,0.1100,0.1200,0.2300
0081,Year End,TTM,2018-12,2017-12,2016-12,2015-12,2014-12,2013-12,2012-12,2011-12,2010-12,2009-12
0081,Revenue,6,6,9,11,11,10,9,7,1,3,12
0081,NP,1,1,4,4,4,6,4,4,-14,-4,-10
0081,EPS,—,—,0.02,0.02,0.02,0.04,0.53,0.05,-0.18,-0.05,-0.13
0081,DPS,—,—,—,—,—,—,—,—,—,—,—
0081,Div Payout,—,—,—,—,—,—,—,—,—,—,—
0081,Shares,267,244,247,230,217,131,8,78,78,78,78
0081,BVPS,0.14,—,—,—,—,—,—,—,—,—,—
0081,OCF,-4,4,-12,23,5,-1,2,1,—,-2,—
0081,FCF,-4,3,-13,23,-4,-1,1,1,—,-2,—
0081,NP Margin,14.97,17.17,41.03,39.92,40.25,55.66,48.18,53.60,—,-153.00,-78.63
0081,ROE,1.25,1.63,6.50,8.67,11.97,36.14,92.21,—,-352.02,-30.40,-50.03
0081,Revenue GR,178.51,-33.07,-14.34,0.98,4.92,17.13,19.07,1011.50,-74.62,—,—
0081,Revenue GR 3Y avg,—,-16.66,-3.18,7.46,13.53,149.34,49.76,-16.69,-60.08,—,—
0081,Revenue GR 5Y avg,—,-6.58,4.83,75.02,32.78,-4.21,-3.39,-14.77,-46.66,—,—
0081,Revenue GR 10Y avg,—,-5.00,-5.48,-3.38,—,—,—,—,—,—,—
0081,NP GR,—,-37.25,-12.54,0.93,3.19,—,—,—,—,—,—
0081,NP GR 3Y avg,—,-24.00,-0.63,—,—,—,142.68,—,—,—,—
0081,NP GR 5Y avg,—,35.81,—,—,—,—,—,—,—,—,—
0081,NP GR 10Y avg,0.0,0.0,0.0,0.0,0.0,0.0,0.0,0.0,0.0,0.0,0.0
0081,EPS GR,7.14,-71.52,-18.38,-5.13,-54.33,-19.13,7.32,—,—,—,—
0081,EPS GR 3Y avg,—,-39.59,-29.28,-29.50,-26.54,—,—,—,—,—,—
0081,EPS GR 5Y avg,—,-39.44,-21.04,—,—,—,144.85,—,—,—,—
0081,EPS GR 10Y avg,—,21.77,—,—,—,—,—,—,—,—,—
0081,OCF GR,—,—,—,415.81,—,—,23.11,—,—,—,—
0081,FCF GR,—,—,—,—,—,—,-6.23,—,—,—,—
0081,D/E,—,0.02,0.01,—,—,—,—,1.75,—,—,—
0081,Price,0.1500,0.0900,0.1100,0.1950,0.2150,0.3500,0.4800,0.5150,0.0650,0.0400,0.0300
0082,Year End,TTM,2020-12,2019-12,2018-12,2017-12,2016-12,2012-12,2011-12,2010-12,2009-12,2008-12
0082,Revenue,613,617,608,399,359,366,566,539,394,218,87
0082,NP,-21,-74,-46,-60,-16,71,-62,-86,-143,-183,-55
0082,EPS,-0.02,-0.07,-0.05,-0.08,-0.02,0.10,-0.09,-0.13,-0.22,-0.41,-0.17
0082,DPS,—,—,—,—,—,—,—,—,—,—,—
0082,Div Payout,—,—,—,—,—,—,—,—,—,—,—
0082,Shares,"1,118","1,056",914,773,744,683,667,653,658,450,331
0082,BVPS,0.31,0.31,0.29,0.16,0.17,—,0.20,0.39,—,—,—
0082,OCF,-115,-95,-23,-47,32,10,2,130,—,—,—
0082,FCF,-122,-103,-26,-53,28,7,-138,-116,—,—,—
0082,NP Margin,-3.48,-12.02,-7.56,-14.97,-4.51,19.30,-10.97,-15.92,-36.40,-83.85,-63.14
0082,ROE,-7.85,-22.47,-21.36,-35.33,-10.88,75.11,-39.73,-40.07,-44.09,-45.21,-13.27
0082,Revenue GR,-2.95,1.50,52.55,11.07,-2.00,—,5.10,36.69,—,—,—
0082,Revenue GR 3Y avg,—,19.81,18.42,—,-8.70,-7.41,37.48,83.26,—,—,—
0082,Revenue GR 5Y avg,—,—,1.03,-4.20,-8.71,-7.42,35.74,40.34,—,—,—
0082,Revenue GR 10Y avg,—,4.59,10.81,16.38,11.32,13.98,—,—,—,—,—
0082,NP GR,—,—,—,—,—,—,—,—,—,—,—
0082,NP GR 3Y avg,—,—,—,—,—,—,—,—,—,—,—
0082,NP GR 5Y avg,—,—,—,—,—,2.49,—,—,—,—,—
0082,NP GR 10Y avg,0.0,0.0,0.0,0.0,0.0,0.0,0.0,0.0,0.0,0.0,0.0
0082,EPS GR,-144.44,—,—,—,—,—,—,—,—,—,—
0082,EPS GR 3Y avg,—,—,—,—,—,—,—,—,—,—,—
0082,EPS GR 5Y avg,—,—,—,—,—,—,—,—,—,—,—
0082,EPS GR 10Y avg,—,—,—,—,—,-12.50,—,—,—,—,—
0082,OCF GR,—,—,—,—,226.86,—,-98.15,—,—,—,—
0082,FCF GR,—,—,—,—,305.33,—,—,—,—,—,—
0082,D/E,0.01,0.01,1.05,1.49,1.40,1.67,2.66,1.16,1.07,0.43,—
0082,Price,0.3700,0.4200,0.6900,0.3150,0.5500,0.2800,0.2650,0.3500,0.4400,0.5800,0.7400
0083,Year End,TTM,2020-09,2019-09,2018-09,2017-09,2016-09,2015-09,2014-09,2013-09,2012-09,2011-09
0083,Revenue,260,243,238,256,275,231,240,194,222,309,237
0083,NP,2,6,8,48,13,6,-13,-28,20,49,47
0083,EPS,—,0.01,0.01,0.10,0.03,0.01,-0.03,-0.07,0.05,0.12,0.11
0083,DPS,—,0.01,0.01,—,0.02,—,—,0.01,0.01,0.01,0.03
0083,Div Payout,—,28.9,9.6,—,58.9,—,—,—,20.7,—,24.0
0083,Shares,515,522,503,499,448,402,402,402,398,419,416
0083,BVPS,0.85,0.80,0.81,0.73,0.72,0.69,0.72,0.76,0.79,0.71,0.64
0083,OCF,3,35,-17,3,43,23,30,26,58,101,49
0083,FCF,-56,2,-61,-148,-5,11,18,16,38,29,9
0083,NP Margin,0.81,2.60,3.17,18.59,4.71,2.46,-5.43,-14.30,9.04,15.95,20.05
0083,ROE,0.49,1.50,1.83,12.42,4.01,1.99,-4.55,-9.16,6.47,17.15,18.93
0083,Revenue GR,35.78,2.13,-7.13,-7.01,19.30,-3.76,23.61,-12.76,-28.01,30.44,5.04
0083,Revenue GR 3Y avg,—,-4.10,1.00,2.21,12.38,1.24,-8.10,-6.43,-0.46,21.38,17.46
0083,Revenue GR 5Y avg,—,0.25,4.15,2.86,-2.28,-0.52,1.24,2.35,8.76,24.20,21.37
0083,Revenue GR 10Y avg,—,0.74,3.25,5.77,10.17,9.88,—,—,—,—,—
0083,NP GR,—,-21.27,9.94,—,—,-34.38,—,—,-19.14,11.13,12.97
0083,NP GR 3Y avg,—,—,—,18.82,-23.44,-34.60,—,—,-9.41,13.10,18.10
0083,NP GR 5Y avg,—,-16.42,-14.44,3.75,-6.95,-12.12,—,—,—,—,—
0083,NP GR 10Y avg,0.0,0.0,0.0,0.0,0.0,0.0,0.0,0.0,0.0,0.0,0.0
0083,EPS GR,-181.69,-19.33,-84.25,229.26,106.67,—,—,—,-56.94,2.87,22.69
0083,EPS GR 3Y avg,—,-25.22,2.33,—,—,-34.81,—,—,-18.39,7.95,10.19
0083,EPS GR 5Y avg,—,—,—,13.52,-24.42,-34.26,—,—,-9.93,7.24,12.18
0083,EPS GR 10Y avg,—,-18.45,-16.70,1.12,-9.97,-14.13,—,—,—,—,—
0083,OCF GR,—,—,—,-93.09,85.99,-23.38,15.69,-55.03,-42.47,104.31,5.59
0083,FCF GR,—,—,—,—,—,-37.72,13.34,-58.90,33.64,212.45,-19.18
0083,D/E,0.09,0.11,0.13,0.07,0.01,0.02,0.07,0.12,0.18,0.21,0.22
0083,Price,0.7350,1.0400,0.5350,0.7250,1.0100,0.3600,0.3850,0.5550,0.7750,1.1200,1.0300
